,fund_id,trade_dt,trade_time,s_info_windcode,direction,price,qty
0,63,2025-10-20,2025-10-20 14:56:57,601929.SH,B,3.560,200
1,63,2025-10-20,2025-10-20 14:56:57,600170.SH,B,2.860,100
2,61,2025-10-20,2025-10-20 14:56:57,000100.SZ,B,4.130,100
3,62,2025-10-20,2025-10-20 14:56:53,600189.SH,S,7.060,200
4,62,2025-10-20,2025-10-20 14:56:53,000990.SZ,S,7.300,200
5,62,2025-10-20,2025-10-20 14:56:53,601997.SH,S,5.990,200
6,62,2025-10-20,2025-10-20 14:56:53,601997.SH,S,5.990,100
7,62,2025-10-20,2025-10-20 14:56:53,601222.SH,S,6.000,200
8,62,2025-10-20,2025-10-20 14:56:53,601018.SH,S,3.830,800
9,62,2025-10-20,2025-10-20 14:56:53,601988.SH,S,5.360,800
10,62,2025-10-20,2025-10-20 14:56:53,601398.SH,S,7.610,800
11,62,2025-10-20,2025-10-20 14:56:53,000401.SZ,S,4.980,300
12,62,2025-10-20,2025-10-20 14:56:53,603323.SH,S,5.230,200
13,62,2025-10-20,2025-10-20 14:56:53,000552.SZ,S,2.680,1200
14,62,2025-10-20,2025-10-20 14:56:53,601018.SH,S,3.830,100
15,62,2025-10-20,2025-10-20 14:56:53,000008.SZ,S,2.810,800
16,62,2025-10-20,2025-10-20 14:56:49,601918.SH,S,6.990,500
17,62,2025-10-20,2025-10-20 14:56:46,002361.SZ,S,6.360,300
18,62,2025-10-20,2025-10-20 14:56:44,601515.SH,S,4.380,100
19,62,2025-10-20,2025-10-20 14:56:43,002948.SZ,S,5.090,200
20,62,2025-10-20,2025-10-20 14:56:41,002785.SZ,S,34.490,200
21,62,2025-10-20,2025-10-20 14:56:40,601101.SH,S,7.980,600
22,62,2025-10-20,2025-10-20 14:56:40,000807.SZ,S,21.020,100
23,62,2025-10-20,2025-10-20 14:56:39,600658.SH,S,5.490,500
24,62,2025-10-20,2025-10-20 14:56:37,600425.SH,S,4.650,700
25,62,2025-10-20,2025-10-20 14:56:36,600256.SH,S,5.340,1000
26,62,2025-10-20,2025-10-20 14:56:36,301160.SZ,S,58.850,100
27,62,2025-10-20,2025-10-20 14:56:36,600019.SH,S,7.150,300
28,62,2025-10-20,2025-10-20 14:56:36,003019.SZ,S,33.450,100
29,62,2025-10-20,2025-10-20 14:56:36,600724.SH,S,5.170,400
30,62,2025-10-20,2025-10-20 14:56:36,600724.SH,S,5.170,200
31,62,2025-10-20,2025-10-20 14:56:36,002989.SZ,S,27.480,100
32,62,2025-10-20,2025-10-20 14:56:35,601328.SH,S,6.970,400
33,62,2025-10-20,2025-10-20 14:56:36,600547.SH,S,37.940,200
34,62,2025-10-20,2025-10-20 14:56:35,600163.SH,S,5.220,100
35,62,2025-10-20,2025-10-20 14:56:36,600846.SH,S,14.190,200
36,62,2025-10-20,2025-10-20 14:56:35,601998.SH,S,7.710,100
37,62,2025-10-20,2025-10-20 14:56:36,600547.SH,S,37.940,100
38,62,2025-10-20,2025-10-20 14:56:35,600015.SH,S,6.830,200
39,62,2025-10-20,2025-10-20 14:56:35,601975.SH,S,3.250,1000
40,62,2025-10-20,2025-10-20 14:56:35,601228.SH,S,3.400,500
41,62,2025-10-20,2025-10-20 14:56:35,600926.SH,S,16.360,100
42,58,2025-10-20,2025-10-20 14:56:35,301307.SZ,B,30.410,100
43,58,2025-10-20,2025-10-20 14:56:35,301307.SZ,B,30.410,100
44,58,2025-10-20,2025-10-20 14:56:35,301307.SZ,B,30.410,200
45,62,2025-10-20,2025-10-20 14:56:34,601916.SH,S,3.050,1000
46,62,2025-10-20,2025-10-20 14:56:34,601818.SH,S,3.460,1500
47,62,2025-10-20,2025-10-20 14:56:34,603992.SH,S,27.380,100
48,61,2025-10-20,2025-10-20 14:56:33,300703.SZ,B,29.130,100
49,62,2025-10-20,2025-10-20 14:56:33,000598.SZ,S,6.880,400
50,59,2025-10-20,2025-10-20 14:56:32,300184.SZ,B,10.500,600
51,59,2025-10-20,2025-10-20 14:56:32,300184.SZ,B,10.500,100
52,62,2025-10-20,2025-10-20 14:56:32,000927.SZ,S,2.690,1200
53,61,2025-10-20,2025-10-20 14:56:32,002552.SZ,S,17.000,200
54,62,2025-10-20,2025-10-20 14:56:32,601860.SH,S,2.910,1100
55,62,2025-10-20,2025-10-20 14:56:32,600300.SH,S,3.380,200
56,62,2025-10-20,2025-10-20 14:56:32,000088.SZ,S,4.480,100
57,62,2025-10-20,2025-10-20 14:56:32,600033.SH,S,3.510,300
58,62,2025-10-20,2025-10-20 14:56:32,601065.SH,S,8.390,100
59,62,2025-10-20,2025-10-20 14:56:32,000718.SZ,S,2.660,900
60,58,2025-10-20,2025-10-20 14:56:32,603917.SH,S,14.950,1500
61,58,2025-10-20,2025-10-20 14:56:32,603917.SH,S,14.950,1000
62,58,2025-10-20,2025-10-20 14:56:32,603917.SH,S,14.950,700
63,62,2025-10-20,2025-10-20 14:56:31,601872.SH,S,8.770,100
64,62,2025-10-20,2025-10-20 14:56:31,000523.SZ,S,3.180,400
65,62,2025-10-20,2025-10-20 14:56:30,600688.SH,S,2.720,100
66,62,2025-10-20,2025-10-20 14:56:30,600688.SH,S,2.720,400
67,62,2025-10-20,2025-10-20 14:56:30,600688.SH,S,2.720,100
68,61,2025-10-20,2025-10-20 14:56:30,300304.SZ,B,12.070,600
69,62,2025-10-20,2025-10-20 14:56:30,600219.SH,S,4.010,800
70,62,2025-10-20,2025-10-20 14:56:30,600688.SH,S,2.720,600
71,62,2025-10-20,2025-10-20 14:56:30,600675.SH,S,2.940,1100
72,62,2025-10-20,2025-10-20 14:56:30,600905.SH,S,4.290,800
73,58,2025-10-20,2025-10-20 14:56:29,688556.SH,S,11.660,470
74,58,2025-10-20,2025-10-20 14:56:29,002552.SZ,S,17.050,1200
75,62,2025-10-20,2025-10-20 14:56:29,600338.SH,S,12.950,200
76,58,2025-10-20,2025-10-20 14:56:28,002857.SZ,S,24.530,100
77,61,2025-10-20,2025-10-20 14:56:26,301171.SZ,B,28.760,300
78,61,2025-10-20,2025-10-20 14:56:26,300657.SZ,B,29.680,200
79,61,2025-10-20,2025-10-20 14:56:26,002552.SZ,S,17.040,900
80,61,2025-10-20,2025-10-20 14:56:25,002552.SZ,S,17.020,200
81,61,2025-10-20,2025-10-20 14:56:24,002552.SZ,S,17.040,100
82,61,2025-10-20,2025-10-20 14:56:24,301358.SZ,B,53.580,100
83,62,2025-10-20,2025-10-20 14:56:24,600489.SH,S,23.630,100
84,61,2025-10-20,2025-10-20 14:56:23,300390.SZ,B,23.510,400
85,61,2025-10-20,2025-10-20 14:56:22,603063.SH,B,31.920,200
86,59,2025-10-20,2025-10-20 14:56:22,603917.SH,S,14.980,600
87,59,2025-10-20,2025-10-20 14:56:21,603063.SH,B,31.920,200
88,58,2025-10-20,2025-10-20 14:56:16,601618.SH,S,3.670,100
89,61,2025-10-20,2025-10-20 14:56:21,300390.SZ,B,23.510,600
90,63,2025-10-20,2025-10-20 14:56:21,300014.SZ,B,76.470,200
91,59,2025-10-20,2025-10-20 14:56:20,688472.SH,B,12.130,646
92,63,2025-10-20,2025-10-20 14:56:20,000957.SZ,S,12.340,100
93,61,2025-10-20,2025-10-20 14:56:20,603917.SH,S,14.980,1300
94,61,2025-10-20,2025-10-20 14:56:20,603917.SH,S,14.980,300
95,63,2025-10-20,2025-10-20 14:56:20,000957.SZ,S,12.350,1600
96,61,2025-10-20,2025-10-20 14:56:20,688556.SH,S,11.670,66
97,61,2025-10-20,2025-10-20 14:56:20,603063.SH,B,31.920,300
98,61,2025-10-20,2025-10-20 14:56:20,688556.SH,S,11.670,292
99,61,2025-10-20,2025-10-20 14:56:20,000957.SZ,S,12.340,500
100,63,2025-10-20,2025-10-20 14:56:20,603917.SH,S,14.980,1200
101,61,2025-10-20,2025-10-20 14:56:20,300619.SZ,B,37.490,200
102,59,2025-10-20,2025-10-20 14:56:19,002552.SZ,S,17.040,500
103,61,2025-10-20,2025-10-20 14:56:18,688472.SH,B,12.130,365
104,62,2025-10-20,2025-10-20 14:56:18,600985.SH,S,13.840,400
105,61,2025-10-20,2025-10-20 14:56:18,301307.SZ,B,30.410,200
106,59,2025-10-20,2025-10-20 14:56:17,300085.SZ,B,46.940,100
107,61,2025-10-20,2025-10-20 14:56:17,000090.SZ,S,3.670,200
108,59,2025-10-20,2025-10-20 14:56:16,000090.SZ,S,3.670,100
109,59,2025-10-20,2025-10-20 14:56:16,002335.SZ,B,61.720,100
110,62,2025-10-20,2025-10-20 14:56:16,601288.SH,S,7.750,700
111,61,2025-10-20,2025-10-20 14:56:16,600795.SH,B,5.120,100
112,59,2025-10-20,2025-10-20 14:56:15,603917.SH,S,15.000,700
113,58,2025-10-20,2025-10-20 14:56:16,000090.SZ,S,3.670,200
114,58,2025-10-20,2025-10-20 14:56:15,002354.SZ,S,6.470,100
115,61,2025-10-20,2025-10-20 14:56:15,603917.SH,S,15.000,1600
116,61,2025-10-20,2025-10-20 14:56:15,002392.SZ,S,8.720,200
117,63,2025-10-20,2025-10-20 14:56:15,603917.SH,S,15.000,1300
118,63,2025-10-20,2025-10-20 14:56:15,000725.SZ,B,4.000,100
119,52,2025-10-20,2025-10-20 14:56:15,000090.SZ,S,3.670,100
120,52,2025-10-20,2025-10-20 14:56:14,600676.SH,S,6.540,100
121,52,2025-10-20,2025-10-20 14:56:14,600885.SH,S,27.010,100
122,58,2025-10-20,2025-10-20 14:56:13,300184.SZ,B,10.490,900
123,62,2025-10-20,2025-10-20 14:56:13,003816.SZ,S,3.990,800
124,61,2025-10-20,2025-10-20 14:56:13,603266.SH,B,22.040,100
125,62,2025-10-20,2025-10-20 14:56:12,603806.SH,S,15.140,200
126,58,2025-10-20,2025-10-20 14:56:10,600626.SH,S,4.840,800
127,61,2025-10-20,2025-10-20 14:56:11,002487.SZ,B,45.220,100
128,52,2025-10-20,2025-10-20 14:56:11,601992.SH,S,1.730,800
129,58,2025-10-20,2025-10-20 14:56:10,600315.SH,S,27.590,100
130,63,2025-10-20,2025-10-20 14:56:10,600626.SH,S,4.840,1600
131,61,2025-10-20,2025-10-20 14:56:10,600626.SH,S,4.840,800
132,62,2025-10-20,2025-10-20 14:56:09,300199.SZ,S,21.240,200
133,52,2025-10-20,2025-10-20 14:56:09,600675.SH,S,2.940,100
134,52,2025-10-20,2025-10-20 14:56:09,002394.SZ,S,11.530,100
135,61,2025-10-20,2025-10-20 14:56:08,002317.SZ,S,18.180,100
136,62,2025-10-20,2025-10-20 14:56:08,002378.SZ,S,11.840,100
137,52,2025-10-20,2025-10-20 14:56:08,601126.SH,S,26.580,700
138,59,2025-10-20,2025-10-20 14:56:08,002317.SZ,S,18.180,100
139,62,2025-10-20,2025-10-20 14:56:07,300304.SZ,S,12.060,300
140,61,2025-10-20,2025-10-20 14:56:06,600935.SH,B,2.590,100
141,58,2025-10-20,2025-10-20 14:56:06,600416.SH,S,14.220,200
142,63,2025-10-20,2025-10-20 14:56:05,600801.SH,S,20.450,100
143,61,2025-10-20,2025-10-20 14:56:04,688403.SH,B,15.920,718
144,59,2025-10-20,2025-10-20 14:56:04,688711.SH,B,25.300,317
145,59,2025-10-20,2025-10-20 14:56:04,688711.SH,B,25.300,69
146,61,2025-10-20,2025-10-20 14:56:03,688008.SH,B,135.240,98
147,61,2025-10-20,2025-10-20 14:56:03,600114.SH,B,29.500,100
148,61,2025-10-20,2025-10-20 14:56:03,688008.SH,B,135.240,200
149,59,2025-10-20,2025-10-20 14:56:03,002865.SZ,B,40.700,100
150,63,2025-10-20,2025-10-20 14:56:02,688008.SH,B,135.240,509
151,62,2025-10-20,2025-10-20 14:56:02,600251.SH,S,8.740,100
152,59,2025-10-20,2025-10-20 14:56:02,301307.SZ,B,30.400,100
153,62,2025-10-20,2025-10-20 14:56:01,002048.SZ,S,32.600,88
154,62,2025-10-20,2025-10-20 14:56:01,601225.SH,S,22.920,200
155,62,2025-10-20,2025-10-20 14:56:01,002048.SZ,S,32.600,12
156,59,2025-10-20,2025-10-20 14:56:01,601126.SH,S,26.560,800
157,61,2025-10-20,2025-10-20 14:56:00,601126.SH,S,26.560,100
158,63,2025-10-20,2025-10-20 14:56:00,600362.SH,S,37.220,200
159,63,2025-10-20,2025-10-20 14:56:00,601126.SH,S,26.560,400
160,63,2025-10-20,2025-10-20 14:56:00,601126.SH,S,26.560,400
161,61,2025-10-20,2025-10-20 14:56:00,601126.SH,S,26.560,500
162,61,2025-10-20,2025-10-20 14:56:01,002857.SZ,S,24.540,200
163,61,2025-10-20,2025-10-20 14:56:00,601126.SH,S,26.560,100
164,63,2025-10-20,2025-10-20 14:56:00,601126.SH,S,26.560,600
165,61,2025-10-20,2025-10-20 14:56:00,601126.SH,S,26.560,400
166,63,2025-10-20,2025-10-20 14:56:00,601727.SH,S,9.160,600
167,61,2025-10-20,2025-10-20 14:56:00,601126.SH,S,26.560,800
168,63,2025-10-20,2025-10-20 14:56:00,601225.SH,S,22.920,300
169,62,2025-10-20,2025-10-20 14:56:00,600331.SH,S,10.060,300
170,62,2025-10-20,2025-10-20 14:56:00,600795.SH,S,5.110,100
171,61,2025-10-20,2025-10-20 14:56:00,601126.SH,S,26.560,200
172,62,2025-10-20,2025-10-20 14:56:00,600795.SH,S,5.110,600
173,52,2025-10-20,2025-10-20 14:46:16,601018.SH,S,3.840,100
174,62,2025-10-20,2025-10-20 14:55:55,600251.SH,S,8.740,300
175,62,2025-10-20,2025-10-20 14:55:54,600983.SH,S,10.440,100
176,61,2025-10-20,2025-10-20 14:55:53,000757.SZ,S,5.530,100
177,62,2025-10-20,2025-10-20 14:55:48,600642.SH,S,8.110,200
178,62,2025-10-20,2025-10-20 14:55:48,601825.SH,S,8.800,200
179,62,2025-10-20,2025-10-20 14:55:47,600025.SH,S,10.020,300
180,58,2025-10-20,2025-10-20 14:55:43,603520.SH,S,10.650,100
181,63,2025-10-20,2025-10-20 14:55:32,600011.SH,B,7.500,100
182,62,2025-10-20,2025-10-20 14:55:27,600917.SH,S,6.080,100
183,62,2025-10-20,2025-10-20 14:55:24,601857.SH,S,8.620,200
184,62,2025-10-20,2025-10-20 14:55:24,601857.SH,S,8.620,400
185,62,2025-10-20,2025-10-20 14:55:20,001337.SZ,S,27.910,100
186,58,2025-10-20,2025-10-20 14:55:19,002701.SZ,S,6.110,100
187,63,2025-10-20,2025-10-20 14:55:16,600104.SH,B,16.430,100
188,58,2025-10-20,2025-10-20 14:55:16,300184.SZ,B,10.490,300
189,58,2025-10-20,2025-10-20 14:55:14,002748.SZ,S,10.490,500
190,63,2025-10-20,2025-10-20 14:55:12,002195.SZ,B,7.330,100
191,62,2025-10-20,2025-10-20 14:55:09,600864.SH,S,7.610,46
192,62,2025-10-20,2025-10-20 14:55:09,600864.SH,S,7.610,154
193,58,2025-10-20,2025-10-20 14:54:58,300184.SZ,B,10.490,300
194,63,2025-10-20,2025-10-20 14:54:58,600481.SH,S,6.480,600
195,63,2025-10-20,2025-10-20 14:54:53,300619.SZ,B,37.480,200
196,59,2025-10-20,2025-10-20 14:54:46,603456.SH,B,18.810,100
197,63,2025-10-20,2025-10-20 14:54:45,000890.SZ,S,4.790,100
198,63,2025-10-20,2025-10-20 14:54:45,000890.SZ,S,4.790,100
199,63,2025-10-20,2025-10-20 14:54:45,000890.SZ,S,4.790,100
200,63,2025-10-20,2025-10-20 14:54:45,000890.SZ,S,4.790,100
201,63,2025-10-20,2025-10-20 14:54:45,000890.SZ,S,4.790,100
202,63,2025-10-20,2025-10-20 14:54:45,000890.SZ,S,4.790,100
203,63,2025-10-20,2025-10-20 14:54:45,000890.SZ,S,4.790,100
204,63,2025-10-20,2025-10-20 14:54:45,000890.SZ,S,4.790,100
205,63,2025-10-20,2025-10-20 14:54:44,000890.SZ,S,4.790,800
206,61,2025-10-20,2025-10-20 14:54:43,002416.SZ,B,12.640,100
207,63,2025-10-20,2025-10-20 14:54:43,600143.SH,B,19.430,100
208,52,2025-10-20,2025-10-20 14:54:31,601126.SH,S,26.560,100
209,62,2025-10-20,2025-10-20 14:54:36,002384.SZ,S,63.230,100
210,59,2025-10-20,2025-10-20 14:54:36,300703.SZ,B,29.100,100
211,59,2025-10-20,2025-10-20 14:54:36,600489.SH,B,23.590,100
212,62,2025-10-20,2025-10-20 14:54:35,600497.SH,S,6.580,500
213,61,2025-10-20,2025-10-20 14:54:35,002843.SZ,B,19.950,100
214,59,2025-10-20,2025-10-20 14:54:35,002748.SZ,S,10.490,400
215,63,2025-10-20,2025-10-20 14:54:33,600481.SH,S,6.480,2000
216,61,2025-10-20,2025-10-20 14:54:32,002631.SZ,S,5.690,100
217,61,2025-10-20,2025-10-20 14:54:29,600489.SH,B,23.590,200
218,58,2025-10-20,2025-10-20 14:54:27,600521.SH,B,19.130,200
219,63,2025-10-20,2025-10-20 14:54:26,601138.SH,S,62.080,100
220,62,2025-10-20,2025-10-20 14:54:25,600782.SH,S,4.050,100
221,62,2025-10-20,2025-10-20 14:54:25,601939.SH,S,9.260,700
222,58,2025-10-20,2025-10-20 14:54:24,000957.SZ,S,12.370,400
223,61,2025-10-20,2025-10-20 14:54:18,002748.SZ,S,10.490,100
224,62,2025-10-20,2025-10-20 14:54:15,601518.SH,S,2.820,1100
225,61,2025-10-20,2025-10-20 14:54:15,300507.SZ,B,9.430,500
226,61,2025-10-20,2025-10-20 14:54:13,002748.SZ,S,10.490,1000
227,62,2025-10-20,2025-10-20 14:54:10,300158.SZ,S,6.840,100
228,52,2025-10-20,2025-10-20 14:54:03,002748.SZ,S,10.490,300
229,61,2025-10-20,2025-10-20 14:54:07,002307.SZ,B,4.870,100
230,58,2025-10-20,2025-10-20 14:54:02,002174.SZ,S,11.650,100
231,58,2025-10-20,2025-10-20 14:53:59,300486.SZ,B,20.280,200
232,59,2025-10-20,2025-10-20 14:53:59,600977.SH,S,13.430,100
233,62,2025-10-20,2025-10-20 14:53:56,002335.SZ,S,61.620,100
234,62,2025-10-20,2025-10-20 14:53:55,600406.SH,S,23.150,200
235,61,2025-10-20,2025-10-20 14:53:54,601929.SH,S,3.550,100
236,61,2025-10-20,2025-10-20 14:53:52,601975.SH,B,3.240,80
237,59,2025-10-20,2025-10-20 14:53:52,601975.SH,B,3.240,100
238,61,2025-10-20,2025-10-20 14:53:50,601975.SH,B,3.240,20
239,61,2025-10-20,2025-10-20 14:53:50,603790.SH,B,21.200,100
240,62,2025-10-20,2025-10-20 14:53:47,000755.SZ,S,5.010,100
241,61,2025-10-20,2025-10-20 14:53:45,600977.SH,S,13.430,300
242,62,2025-10-20,2025-10-20 14:53:42,600236.SH,S,7.130,100
243,62,2025-10-20,2025-10-20 14:53:39,600029.SH,S,6.630,300
244,63,2025-10-20,2025-10-20 14:53:37,601766.SH,B,7.680,100
245,62,2025-10-20,2025-10-20 14:53:31,000560.SZ,S,2.900,300
246,63,2025-10-20,2025-10-20 14:53:29,601398.SH,B,7.610,200
247,63,2025-10-20,2025-10-20 14:53:27,601390.SH,B,5.620,200
248,62,2025-10-20,2025-10-20 14:53:26,601665.SH,S,6.180,500
249,58,2025-10-20,2025-10-20 14:53:13,601975.SH,S,3.250,100
250,58,2025-10-20,2025-10-20 14:53:12,600977.SH,S,13.430,200
251,63,2025-10-20,2025-10-20 14:53:12,600346.SH,B,16.260,100
252,63,2025-10-20,2025-10-20 14:53:08,600673.SH,B,20.230,300
253,63,2025-10-20,2025-10-20 14:53:06,300043.SZ,B,6.230,100
254,63,2025-10-20,2025-10-20 14:53:05,601857.SH,S,8.620,1800
255,58,2025-10-20,2025-10-20 14:53:00,600673.SH,B,20.230,200
256,63,2025-10-20,2025-10-20 14:52:50,601899.SH,B,29.720,200
257,62,2025-10-20,2025-10-20 14:52:45,600475.SH,S,15.810,200
258,52,2025-10-20,2025-10-20 14:52:43,600977.SH,S,13.430,200
259,63,2025-10-20,2025-10-20 14:52:40,300390.SZ,B,23.530,200
260,52,2025-10-20,2025-10-20 14:52:40,603917.SH,S,15.010,1200
261,62,2025-10-20,2025-10-20 14:52:38,600928.SH,S,4.140,100
262,63,2025-10-20,2025-10-20 14:52:37,600162.SH,B,2.140,100
263,58,2025-10-20,2025-10-20 14:52:33,300184.SZ,B,10.500,300
264,58,2025-10-20,2025-10-20 14:52:29,300619.SZ,B,37.460,300
265,58,2025-10-20,2025-10-20 14:52:28,300619.SZ,B,37.460,100
266,63,2025-10-20,2025-10-20 14:52:25,600183.SH,B,54.480,100
267,61,2025-10-20,2025-10-20 14:52:22,002128.SZ,B,24.430,100
268,63,2025-10-20,2025-10-20 14:52:21,300476.SZ,B,263.740,100
269,63,2025-10-20,2025-10-20 14:52:20,002475.SZ,B,56.940,100
270,63,2025-10-20,2025-10-20 14:52:19,002812.SZ,B,40.860,100
271,63,2025-10-20,2025-10-20 14:52:18,002202.SZ,B,14.430,100
272,63,2025-10-20,2025-10-20 14:52:18,002701.SZ,B,6.110,200
273,58,2025-10-20,2025-10-20 14:52:17,300085.SZ,B,46.690,200
274,59,2025-10-20,2025-10-20 14:52:14,300304.SZ,B,12.050,200
275,58,2025-10-20,2025-10-20 14:52:11,688472.SH,B,12.120,380
276,63,2025-10-20,2025-10-20 14:52:09,002545.SZ,B,13.920,100
277,63,2025-10-20,2025-10-20 14:52:08,002255.SZ,S,8.640,400
278,61,2025-10-20,2025-10-20 14:52:08,600895.SH,B,43.880,100
279,59,2025-10-20,2025-10-20 14:52:05,688189.SH,S,8.240,85
280,52,2025-10-20,2025-10-20 14:51:45,688189.SH,S,8.240,357
281,59,2025-10-20,2025-10-20 14:52:04,688189.SH,S,8.240,115
282,61,2025-10-20,2025-10-20 14:52:04,688189.SH,S,8.240,85
283,61,2025-10-20,2025-10-20 14:52:04,688189.SH,S,8.240,200
284,61,2025-10-20,2025-10-20 14:52:04,688189.SH,S,8.240,205
285,61,2025-10-20,2025-10-20 14:52:01,002638.SZ,S,2.670,100
286,58,2025-10-20,2025-10-20 14:51:57,601126.SH,S,26.500,1500
287,58,2025-10-20,2025-10-20 14:51:53,301171.SZ,B,28.680,400
288,58,2025-10-20,2025-10-20 14:51:53,601126.SH,S,26.500,300
289,59,2025-10-20,2025-10-20 14:51:52,600895.SH,B,43.880,100
290,59,2025-10-20,2025-10-20 14:51:51,600673.SH,B,20.210,100
291,61,2025-10-20,2025-10-20 14:51:51,603456.SH,B,18.790,100
292,63,2025-10-20,2025-10-20 14:51:47,002787.SZ,S,9.510,1500
293,59,2025-10-20,2025-10-20 14:51:47,688556.SH,S,11.700,9
294,59,2025-10-20,2025-10-20 14:51:46,000957.SZ,S,12.350,300
295,63,2025-10-20,2025-10-20 14:51:46,000957.SZ,S,12.350,900
296,61,2025-10-20,2025-10-20 14:51:46,000957.SZ,S,12.350,300
297,61,2025-10-20,2025-10-20 14:51:45,603823.SH,B,15.290,100
298,52,2025-10-20,2025-10-20 14:51:39,000957.SZ,S,12.350,500
299,59,2025-10-20,2025-10-20 14:51:40,688556.SH,S,11.700,200
300,61,2025-10-20,2025-10-20 14:51:39,000063.SZ,B,48.400,100
301,61,2025-10-20,2025-10-20 14:51:36,688556.SH,S,11.700,400
302,59,2025-10-20,2025-10-20 14:51:36,688556.SH,S,11.700,82
303,61,2025-10-20,2025-10-20 14:51:34,300568.SZ,S,12.780,100
304,63,2025-10-20,2025-10-20 14:51:34,601669.SH,B,5.640,100
305,61,2025-10-20,2025-10-20 14:51:30,002293.SZ,B,8.690,100
306,58,2025-10-20,2025-10-20 14:51:30,002617.SZ,S,8.380,100
307,63,2025-10-20,2025-10-20 14:51:27,601939.SH,B,9.260,200
308,58,2025-10-20,2025-10-20 14:51:22,688556.SH,S,11.700,200
309,61,2025-10-20,2025-10-20 14:51:21,000875.SZ,S,5.720,100
310,63,2025-10-20,2025-10-20 14:51:20,601872.SH,B,8.760,100
311,58,2025-10-20,2025-10-20 14:51:16,000063.SZ,B,48.420,100
312,63,2025-10-20,2025-10-20 14:51:14,600895.SH,B,43.890,100
313,63,2025-10-20,2025-10-20 14:51:13,002638.SZ,B,2.670,100
314,52,2025-10-20,2025-10-20 14:51:02,603917.SH,S,14.990,300
315,61,2025-10-20,2025-10-20 14:51:09,603889.SH,B,7.550,100
316,61,2025-10-20,2025-10-20 14:51:07,600219.SH,B,4.010,100
317,58,2025-10-20,2025-10-20 14:51:05,002456.SZ,S,11.740,100
318,63,2025-10-20,2025-10-20 14:50:59,002129.SZ,B,8.890,100
319,58,2025-10-20,2025-10-20 14:50:59,002146.SZ,S,1.580,100
320,58,2025-10-20,2025-10-20 14:50:57,688189.SH,S,8.240,425
321,63,2025-10-20,2025-10-20 14:50:55,001289.SZ,B,17.790,100
322,63,2025-10-20,2025-10-20 14:50:51,002487.SZ,B,45.200,100
323,63,2025-10-20,2025-10-20 14:50:48,601319.SH,B,8.540,100
324,58,2025-10-20,2025-10-20 14:50:42,600521.SH,B,19.120,200
325,61,2025-10-20,2025-10-20 14:50:40,000600.SZ,B,9.240,100
326,63,2025-10-20,2025-10-20 14:50:40,600673.SH,B,20.230,200
327,63,2025-10-20,2025-10-20 14:50:37,002617.SZ,B,8.380,100
328,58,2025-10-20,2025-10-20 14:50:34,300657.SZ,B,29.650,100
329,58,2025-10-20,2025-10-20 14:50:34,300657.SZ,B,29.650,100
330,61,2025-10-20,2025-10-20 14:50:33,000534.SZ,B,15.640,100
331,58,2025-10-20,2025-10-20 14:50:33,002748.SZ,S,10.480,500
332,58,2025-10-20,2025-10-20 14:50:31,688472.SH,B,12.120,200
333,61,2025-10-20,2025-10-20 14:50:31,603429.SH,B,9.980,100
334,61,2025-10-20,2025-10-20 14:50:28,601137.SH,B,22.670,100
335,59,2025-10-20,2025-10-20 14:50:28,300693.SZ,B,38.410,200
336,63,2025-10-20,2025-10-20 14:50:25,002246.SZ,B,19.290,100
337,61,2025-10-20,2025-10-20 14:50:25,601137.SH,B,22.670,100
338,58,2025-10-20,2025-10-20 14:50:25,300897.SZ,B,29.650,100
339,58,2025-10-20,2025-10-20 14:50:25,300897.SZ,B,29.650,100
340,61,2025-10-20,2025-10-20 14:50:22,300149.SZ,B,11.230,100
341,59,2025-10-20,2025-10-20 14:50:22,002174.SZ,S,11.680,100
342,61,2025-10-20,2025-10-20 14:50:20,002174.SZ,S,11.680,100
343,61,2025-10-20,2025-10-20 14:50:20,301316.SZ,B,52.830,100
344,59,2025-10-20,2025-10-20 14:50:19,600521.SH,B,19.120,100
345,58,2025-10-20,2025-10-20 14:50:18,300199.SZ,B,21.210,200
346,58,2025-10-20,2025-10-20 14:50:18,000063.SZ,B,48.610,100
347,61,2025-10-20,2025-10-20 14:50:18,300199.SZ,B,21.210,200
348,61,2025-10-20,2025-10-20 14:50:17,301161.SZ,B,34.030,100
349,61,2025-10-20,2025-10-20 14:50:15,600623.SH,B,8.820,100
350,61,2025-10-20,2025-10-20 14:50:14,600022.SH,S,1.630,13900
351,59,2025-10-20,2025-10-20 14:50:14,600022.SH,S,1.630,5300
352,58,2025-10-20,2025-10-20 14:50:10,600022.SH,S,1.630,12100
353,52,2025-10-20,2025-10-20 14:49:50,600022.SH,S,1.630,6100
354,52,2025-10-20,2025-10-20 14:50:09,603037.SH,S,14.230,100
355,63,2025-10-20,2025-10-20 14:50:06,002269.SZ,B,2.300,100
356,63,2025-10-20,2025-10-20 14:50:03,600919.SH,B,10.780,200
357,61,2025-10-20,2025-10-20 14:50:00,600510.SH,B,7.630,100
358,52,2025-10-20,2025-10-20 14:49:55,000933.SZ,S,22.830,100
359,63,2025-10-20,2025-10-20 14:49:36,300450.SZ,B,53.920,100
360,58,2025-10-20,2025-10-20 14:49:35,300507.SZ,B,9.450,600
361,63,2025-10-20,2025-10-20 14:49:34,000425.SZ,B,10.990,100
362,58,2025-10-20,2025-10-20 14:49:33,000957.SZ,S,12.300,400
363,59,2025-10-20,2025-10-20 14:49:26,300199.SZ,B,21.210,100
364,63,2025-10-20,2025-10-20 14:49:25,300014.SZ,B,76.190,300
365,61,2025-10-20,2025-10-20 14:49:22,605168.SH,B,29.460,100
366,52,2025-10-20,2025-10-20 14:49:12,002532.SZ,S,12.000,100
367,61,2025-10-20,2025-10-20 14:49:07,600292.SH,B,12.060,100
368,63,2025-10-20,2025-10-20 14:49:03,600000.SH,B,13.010,200
369,58,2025-10-20,2025-10-20 14:49:02,603889.SH,S,7.560,100
370,63,2025-10-20,2025-10-20 14:49:02,600315.SH,S,27.550,300
371,61,2025-10-20,2025-10-20 14:49:02,600315.SH,S,27.550,100
372,63,2025-10-20,2025-10-20 14:48:58,600031.SH,B,22.500,100
373,63,2025-10-20,2025-10-20 14:48:57,000630.SZ,B,5.250,100
374,63,2025-10-20,2025-10-20 14:48:56,002558.SZ,B,38.340,100
375,61,2025-10-20,2025-10-20 14:48:49,002957.SZ,B,19.010,100
376,63,2025-10-20,2025-10-20 14:48:47,601009.SH,B,11.540,100
377,63,2025-10-20,2025-10-20 14:48:47,300661.SZ,B,73.360,100
378,63,2025-10-20,2025-10-20 14:48:40,002555.SZ,B,19.550,100
379,59,2025-10-20,2025-10-20 14:48:38,603300.SH,B,7.110,200
380,63,2025-10-20,2025-10-20 14:48:33,603077.SH,B,2.120,100
381,58,2025-10-20,2025-10-20 14:48:33,688472.SH,B,12.130,200
382,63,2025-10-20,2025-10-20 14:48:33,601998.SH,B,7.710,100
383,59,2025-10-20,2025-10-20 14:48:23,601619.SH,S,4.520,300
384,61,2025-10-20,2025-10-20 14:48:23,601619.SH,S,4.520,900
385,52,2025-10-20,2025-10-20 14:46:16,601619.SH,S,4.520,300
386,63,2025-10-20,2025-10-20 14:48:18,601857.SH,S,8.620,2800
387,58,2025-10-20,2025-10-20 14:48:16,002241.SZ,B,30.330,200
388,63,2025-10-20,2025-10-20 14:48:15,000877.SZ,B,6.280,100
389,63,2025-10-20,2025-10-20 14:48:13,601601.SH,B,37.080,100
390,63,2025-10-20,2025-10-20 14:48:05,600487.SH,B,20.610,100
391,58,2025-10-20,2025-10-20 14:48:04,603063.SH,B,31.890,300
392,58,2025-10-20,2025-10-20 14:48:02,601012.SH,S,19.080,100
393,63,2025-10-20,2025-10-20 14:47:59,603659.SH,B,26.080,100
394,63,2025-10-20,2025-10-20 14:47:59,603659.SH,B,26.080,200
395,63,2025-10-20,2025-10-20 14:47:57,601166.SH,B,20.270,100
396,63,2025-10-20,2025-10-20 14:47:55,603993.SH,B,15.060,100
397,63,2025-10-20,2025-10-20 14:47:53,600183.SH,B,54.410,100
398,63,2025-10-20,2025-10-20 14:47:53,600183.SH,B,54.410,100
399,61,2025-10-20,2025-10-20 14:47:52,000718.SZ,B,2.660,100
400,63,2025-10-20,2025-10-20 14:47:50,600016.SH,B,4.050,100
401,59,2025-10-20,2025-10-20 14:47:50,300507.SZ,B,9.440,100
402,61,2025-10-20,2025-10-20 14:47:48,002241.SZ,B,30.300,100
403,59,2025-10-20,2025-10-20 14:47:48,002241.SZ,B,30.300,100
404,58,2025-10-20,2025-10-20 14:47:46,300693.SZ,B,38.330,800
405,63,2025-10-20,2025-10-20 14:47:44,300308.SZ,B,402.180,100
406,63,2025-10-20,2025-10-20 14:47:44,002736.SZ,B,13.720,100
407,61,2025-10-20,2025-10-20 14:47:43,300079.SZ,B,5.590,100
408,52,2025-10-20,2025-10-20 14:47:43,600029.SH,S,6.620,100
409,63,2025-10-20,2025-10-20 14:47:41,600585.SH,B,23.790,100
410,63,2025-10-20,2025-10-20 14:47:41,300418.SZ,B,40.790,100
411,63,2025-10-20,2025-10-20 14:47:40,600089.SH,B,19.230,100
412,61,2025-10-20,2025-10-20 14:47:38,000402.SZ,B,3.030,100
413,61,2025-10-20,2025-10-20 14:47:38,003040.SZ,B,20.450,200
414,59,2025-10-20,2025-10-20 14:47:38,003040.SZ,B,20.450,100
415,58,2025-10-20,2025-10-20 14:47:33,002471.SZ,S,5.030,100
416,63,2025-10-20,2025-10-20 14:47:31,000890.SZ,S,4.800,1000
417,63,2025-10-20,2025-10-20 14:47:31,000890.SZ,S,4.800,100
418,63,2025-10-20,2025-10-20 14:47:31,000890.SZ,S,4.800,100
419,63,2025-10-20,2025-10-20 14:47:31,000890.SZ,S,4.800,500
420,63,2025-10-20,2025-10-20 14:47:31,000890.SZ,S,4.800,100
421,63,2025-10-20,2025-10-20 14:47:31,000890.SZ,S,4.800,200
422,63,2025-10-20,2025-10-20 14:47:31,000890.SZ,S,4.800,200
423,63,2025-10-20,2025-10-20 14:47:31,000890.SZ,S,4.800,100
424,63,2025-10-20,2025-10-20 14:47:31,000890.SZ,S,4.800,100
425,58,2025-10-20,2025-10-20 14:47:28,000890.SZ,S,4.800,100
426,63,2025-10-20,2025-10-20 14:47:26,000988.SZ,B,79.470,100
427,58,2025-10-20,2025-10-20 14:47:12,600370.SH,S,2.030,200
428,61,2025-10-20,2025-10-20 14:47:12,600416.SH,S,14.240,100
429,58,2025-10-20,2025-10-20 14:47:10,600370.SH,S,2.030,1200
430,61,2025-10-20,2025-10-20 14:47:10,600416.SH,S,14.240,200
431,58,2025-10-20,2025-10-20 14:47:10,600370.SH,S,2.030,100
432,63,2025-10-20,2025-10-20 14:47:05,600438.SH,B,22.960,100
433,61,2025-10-20,2025-10-20 14:46:56,603305.SH,B,14.810,100
434,59,2025-10-20,2025-10-20 14:46:56,603305.SH,B,14.810,100
435,61,2025-10-20,2025-10-20 14:46:52,300548.SZ,B,97.700,100
436,58,2025-10-20,2025-10-20 14:46:47,601619.SH,S,4.510,100
437,58,2025-10-20,2025-10-20 14:46:47,601619.SH,S,4.510,100
438,58,2025-10-20,2025-10-20 14:46:47,601619.SH,S,4.510,100
439,58,2025-10-20,2025-10-20 14:46:47,601619.SH,S,4.510,100
440,58,2025-10-20,2025-10-20 14:46:47,601619.SH,S,4.510,400
441,61,2025-10-20,2025-10-20 14:46:43,603300.SH,S,7.120,200
442,52,2025-10-20,2025-10-20 14:46:42,002552.SZ,S,17.110,300
443,58,2025-10-20,2025-10-20 14:46:40,002420.SZ,S,7.510,100
444,59,2025-10-20,2025-10-20 14:46:39,600626.SH,S,4.840,800
445,58,2025-10-20,2025-10-20 14:46:39,600626.SH,S,4.840,1200
446,63,2025-10-20,2025-10-20 14:46:39,600626.SH,S,4.840,2500
447,61,2025-10-20,2025-10-20 14:46:39,600626.SH,S,4.840,1400
448,52,2025-10-20,2025-10-20 14:46:30,600626.SH,S,4.840,1400
449,63,2025-10-20,2025-10-20 14:46:37,601229.SH,B,9.610,200
450,52,2025-10-20,2025-10-20 14:46:34,688556.SH,S,11.670,200
451,61,2025-10-20,2025-10-20 14:46:28,300003.SZ,B,17.710,100
452,61,2025-10-20,2025-10-20 14:46:26,300835.SZ,B,59.160,100
453,63,2025-10-20,2025-10-20 14:46:25,601138.SH,S,61.900,100
454,58,2025-10-20,2025-10-20 14:46:20,688472.SH,B,12.110,200
455,63,2025-10-20,2025-10-20 14:46:20,688303.SH,B,27.540,171
456,63,2025-10-20,2025-10-20 14:46:18,688303.SH,B,27.540,200
457,59,2025-10-20,2025-10-20 14:46:18,688711.SH,B,25.290,200
458,63,2025-10-20,2025-10-20 14:46:17,601600.SH,B,8.370,100
459,63,2025-10-20,2025-10-20 14:46:17,002714.SZ,B,49.410,100
460,52,2025-10-20,2025-10-20 14:46:16,600370.SH,S,2.030,400
461,59,2025-10-20,2025-10-20 14:46:15,600370.SH,S,2.030,700
462,59,2025-10-20,2025-10-20 14:46:15,002506.SZ,B,2.450,100
463,58,2025-10-20,2025-10-20 14:46:16,603063.SH,B,31.890,300
464,61,2025-10-20,2025-10-20 14:46:15,600338.SH,B,12.940,100
465,61,2025-10-20,2025-10-20 14:46:15,600370.SH,S,2.030,400
466,61,2025-10-20,2025-10-20 14:46:15,002506.SZ,B,2.450,100
467,61,2025-10-20,2025-10-20 14:46:15,600370.SH,S,2.030,1300
468,59,2025-10-20,2025-10-20 14:43:57,000523.SZ,B,3.180,100
469,63,2025-10-20,2025-10-20 14:43:49,601328.SH,S,6.980,1400
470,61,2025-10-20,2025-10-20 14:43:31,300568.SZ,B,12.790,400
471,63,2025-10-20,2025-10-20 14:43:30,601868.SH,S,2.450,1400
472,52,2025-10-20,2025-10-20 14:43:30,002506.SZ,B,2.450,100
473,58,2025-10-20,2025-10-20 14:43:30,002431.SZ,S,2.380,100
474,61,2025-10-20,2025-10-20 14:43:15,600961.SH,S,15.090,300
475,63,2025-10-20,2025-10-20 14:43:15,601600.SH,S,8.360,500
476,58,2025-10-20,2025-10-20 14:43:11,600207.SH,S,5.190,100
477,58,2025-10-20,2025-10-20 14:43:09,300304.SZ,B,12.030,500
478,61,2025-10-20,2025-10-20 14:43:08,600658.SH,S,5.480,100
479,52,2025-10-20,2025-10-20 14:43:07,600808.SH,B,3.950,100
480,63,2025-10-20,2025-10-20 14:43:07,003816.SZ,S,3.990,1200
481,63,2025-10-20,2025-10-20 14:43:07,003816.SZ,S,3.990,200
482,52,2025-10-20,2025-10-20 14:43:07,000726.SZ,B,7.020,100
483,58,2025-10-20,2025-10-20 14:43:07,600986.SH,S,8.080,100
484,58,2025-10-20,2025-10-20 14:43:03,600961.SH,S,15.090,300
485,63,2025-10-20,2025-10-20 14:43:02,601916.SH,S,3.050,1100
486,63,2025-10-20,2025-10-20 14:43:02,601916.SH,S,3.050,300
487,58,2025-10-20,2025-10-20 14:42:57,600337.SH,S,2.230,100
488,52,2025-10-20,2025-10-20 14:42:56,600675.SH,B,2.940,100
489,52,2025-10-20,2025-10-20 14:42:56,000402.SZ,B,3.030,100
490,58,2025-10-20,2025-10-20 14:42:49,002506.SZ,S,2.440,100
491,61,2025-10-20,2025-10-20 14:42:47,002146.SZ,S,1.570,100
492,61,2025-10-20,2025-10-20 14:42:38,601616.SH,S,4.220,100
493,61,2025-10-20,2025-10-20 14:42:27,603300.SH,B,7.120,600
494,63,2025-10-20,2025-10-20 14:42:25,601818.SH,S,3.470,300
495,63,2025-10-20,2025-10-20 14:42:24,601818.SH,S,3.470,1000
496,59,2025-10-20,2025-10-20 14:41:37,000402.SZ,B,3.030,100
497,61,2025-10-20,2025-10-20 14:41:19,601789.SH,S,5.380,100
498,52,2025-10-20,2025-10-20 14:40:13,603889.SH,B,7.530,200
499,58,2025-10-20,2025-10-20 14:41:11,000803.SZ,S,6.770,400
500,52,2025-10-20,2025-10-20 14:40:33,000803.SZ,S,6.770,100
501,58,2025-10-20,2025-10-20 14:41:09,002960.SZ,S,12.320,100
502,58,2025-10-20,2025-10-20 14:41:08,603300.SH,B,7.130,800
503,58,2025-10-20,2025-10-20 14:40:53,300593.SZ,S,19.230,100
504,61,2025-10-20,2025-10-20 14:40:40,600793.SH,S,24.010,100
505,58,2025-10-20,2025-10-20 14:40:36,000819.SZ,S,17.800,100
506,52,2025-10-20,2025-10-20 14:40:31,300528.SZ,S,19.450,100
507,58,2025-10-20,2025-10-20 14:40:28,600658.SH,S,5.480,100
508,58,2025-10-20,2025-10-20 14:40:13,603300.SH,B,7.120,500
509,58,2025-10-20,2025-10-20 14:40:15,600022.SH,S,1.630,100
510,52,2025-10-20,2025-10-20 14:40:13,301358.SZ,B,53.700,100
511,61,2025-10-20,2025-10-20 14:40:10,600509.SH,S,8.460,100
512,59,2025-10-20,2025-10-20 14:40:05,002292.SZ,B,8.340,100
513,52,2025-10-20,2025-10-20 14:38:36,603266.SH,B,21.980,100
514,58,2025-10-20,2025-10-20 14:39:55,002392.SZ,B,8.690,500
515,61,2025-10-20,2025-10-20 14:39:53,601618.SH,S,3.670,100
516,63,2025-10-20,2025-10-20 14:39:53,601618.SH,S,3.670,1300
517,58,2025-10-20,2025-10-20 14:39:46,002174.SZ,S,11.530,100
518,59,2025-10-20,2025-10-20 14:39:39,601929.SH,B,3.520,100
519,52,2025-10-20,2025-10-20 14:39:24,603823.SH,B,15.210,100
520,59,2025-10-20,2025-10-20 14:39:18,002303.SZ,S,4.420,100
521,58,2025-10-20,2025-10-20 14:39:18,002303.SZ,S,4.420,100
522,63,2025-10-20,2025-10-20 14:39:03,601658.SH,S,5.690,1400
523,52,2025-10-20,2025-10-20 14:38:48,300772.SZ,B,16.840,100
524,52,2025-10-20,2025-10-20 14:38:47,300199.SZ,B,21.170,100
525,52,2025-10-20,2025-10-20 14:38:39,002812.SZ,B,40.820,100
526,52,2025-10-20,2025-10-20 14:38:39,002387.SZ,B,8.430,100
527,52,2025-10-20,2025-10-20 14:38:37,300767.SZ,B,20.580,100
528,59,2025-10-20,2025-10-20 14:38:31,600169.SH,S,2.630,100
529,61,2025-10-20,2025-10-20 14:38:31,600169.SH,S,2.630,100
530,59,2025-10-20,2025-10-20 14:38:26,300304.SZ,B,12.000,100
531,61,2025-10-20,2025-10-20 14:38:26,300304.SZ,B,12.000,200
532,59,2025-10-20,2025-10-20 14:38:23,000803.SZ,S,6.760,200
533,61,2025-10-20,2025-10-20 14:38:23,000803.SZ,S,6.760,400
534,58,2025-10-20,2025-10-20 14:38:21,002622.SZ,S,3.170,100
535,58,2025-10-20,2025-10-20 14:38:21,600595.SH,S,6.160,100
536,61,2025-10-20,2025-10-20 14:38:20,600239.SH,S,2.530,100
537,52,2025-10-20,2025-10-20 14:36:50,300304.SZ,B,11.990,200
538,61,2025-10-20,2025-10-20 14:38:07,601929.SH,B,3.520,400
539,61,2025-10-20,2025-10-20 14:37:50,600521.SH,B,19.030,200
540,59,2025-10-20,2025-10-20 14:37:39,600052.SH,S,5.090,100
541,52,2025-10-20,2025-10-20 14:35:25,000933.SZ,B,22.690,100
542,58,2025-10-20,2025-10-20 14:37:15,300432.SZ,S,18.230,100
543,59,2025-10-20,2025-10-20 14:37:13,300149.SZ,B,11.210,100
544,59,2025-10-20,2025-10-20 14:37:13,003010.SZ,B,43.780,100
545,61,2025-10-20,2025-10-20 14:37:08,300435.SZ,S,20.180,100
546,61,2025-10-20,2025-10-20 14:37:05,300511.SZ,S,6.630,100
547,52,2025-10-20,2025-10-20 14:36:59,600958.SH,B,11.110,100
548,52,2025-10-20,2025-10-20 14:36:49,600582.SH,B,6.020,100
549,61,2025-10-20,2025-10-20 14:36:55,000819.SZ,S,17.800,100
550,52,2025-10-20,2025-10-20 14:36:42,300012.SZ,B,14.160,100
551,61,2025-10-20,2025-10-20 14:36:49,000612.SZ,S,8.970,100
552,58,2025-10-20,2025-10-20 14:36:47,600961.SH,S,15.020,500
553,52,2025-10-20,2025-10-20 14:36:16,002174.SZ,S,11.500,100
554,52,2025-10-20,2025-10-20 14:36:33,002645.SZ,B,14.640,200
555,58,2025-10-20,2025-10-20 14:36:35,002748.SZ,S,10.460,100
556,52,2025-10-20,2025-10-20 14:36:32,600977.SH,B,13.410,100
557,59,2025-10-20,2025-10-20 14:36:24,002378.SZ,S,11.740,100
558,52,2025-10-20,2025-10-20 14:36:20,300907.SZ,B,32.280,100
559,52,2025-10-20,2025-10-20 14:36:12,002026.SZ,B,14.740,300
560,59,2025-10-20,2025-10-20 14:36:11,600315.SH,S,27.520,100
561,52,2025-10-20,2025-10-20 14:36:11,601615.SH,B,14.870,100
562,61,2025-10-20,2025-10-20 14:36:09,688382.SH,B,27.680,487
563,61,2025-10-20,2025-10-20 14:36:05,601968.SH,S,5.180,100
564,61,2025-10-20,2025-10-20 14:36:02,600961.SH,S,15.000,200
565,61,2025-10-20,2025-10-20 14:36:02,600961.SH,S,15.000,400
566,61,2025-10-20,2025-10-20 14:35:47,300486.SZ,B,19.950,200
567,52,2025-10-20,2025-10-20 14:32:55,600816.SH,B,2.920,100
568,52,2025-10-20,2025-10-20 14:35:10,300933.SZ,S,9.950,100
569,52,2025-10-20,2025-10-20 14:31:17,002307.SZ,B,4.840,500
570,61,2025-10-20,2025-10-20 14:35:22,600684.SH,S,5.430,100
571,63,2025-10-20,2025-10-20 14:34:57,600801.SH,S,20.360,200
572,58,2025-10-20,2025-10-20 14:34:43,300304.SZ,B,11.990,200
573,58,2025-10-20,2025-10-20 14:34:43,300304.SZ,B,11.990,100
574,58,2025-10-20,2025-10-20 14:34:42,300304.SZ,B,11.990,300
575,58,2025-10-20,2025-10-20 14:34:42,300304.SZ,B,11.990,100
576,58,2025-10-20,2025-10-20 14:34:41,300304.SZ,B,11.990,100
577,58,2025-10-20,2025-10-20 14:34:36,688428.SH,S,24.020,200
578,61,2025-10-20,2025-10-20 14:34:18,600170.SH,S,2.840,100
579,61,2025-10-20,2025-10-20 14:34:17,002392.SZ,B,8.700,600
580,61,2025-10-20,2025-10-20 14:34:10,002026.SZ,S,14.760,200
581,61,2025-10-20,2025-10-20 14:34:10,002026.SZ,S,14.760,100
582,63,2025-10-20,2025-10-20 14:34:03,601318.SH,S,57.960,100
583,52,2025-10-20,2025-10-20 14:33:58,300568.SZ,B,12.720,500
584,52,2025-10-20,2025-10-20 14:33:54,002414.SZ,B,12.210,100
585,52,2025-10-20,2025-10-20 14:33:43,688249.SH,B,35.210,255
586,63,2025-10-20,2025-10-20 14:33:42,601998.SH,S,7.710,1400
587,61,2025-10-20,2025-10-20 14:33:41,601619.SH,S,4.500,100
588,58,2025-10-20,2025-10-20 14:33:40,002276.SZ,S,16.780,100
589,63,2025-10-20,2025-10-20 14:33:39,002471.SZ,S,5.040,900
590,61,2025-10-20,2025-10-20 14:33:39,002471.SZ,S,5.040,1200
591,59,2025-10-20,2025-10-20 14:33:39,002471.SZ,S,5.040,400
592,58,2025-10-20,2025-10-20 14:33:36,002471.SZ,S,5.040,1000
593,52,2025-10-20,2025-10-20 14:33:24,002471.SZ,S,5.040,600
594,52,2025-10-20,2025-10-20 14:33:16,603278.SH,S,10.150,100
595,52,2025-10-20,2025-10-20 14:33:23,601857.SH,S,8.610,100
596,61,2025-10-20,2025-10-20 14:33:22,603725.SH,S,10.340,100
597,63,2025-10-20,2025-10-20 14:33:18,601816.SH,S,5.180,1300
598,61,2025-10-20,2025-10-20 14:33:13,002515.SZ,S,6.470,100
599,58,2025-10-20,2025-10-20 14:32:59,603626.SH,S,12.980,100
600,52,2025-10-20,2025-10-20 14:32:42,000680.SZ,B,11.420,100
601,52,2025-10-20,2025-10-20 14:32:43,300464.SZ,B,6.830,100
602,52,2025-10-20,2025-10-20 14:32:43,603300.SH,B,7.100,100
603,58,2025-10-20,2025-10-20 14:32:46,002392.SZ,B,8.710,800
604,52,2025-10-20,2025-10-20 14:32:42,002241.SZ,B,30.260,100
605,52,2025-10-20,2025-10-20 14:32:41,000063.SZ,B,48.430,100
606,52,2025-10-20,2025-10-20 14:32:40,300390.SZ,B,23.420,500
607,52,2025-10-20,2025-10-20 14:32:30,601798.SH,S,9.320,100
608,59,2025-10-20,2025-10-20 14:32:17,002638.SZ,S,2.670,100
609,52,2025-10-20,2025-10-20 14:31:55,600684.SH,B,5.430,300
610,58,2025-10-20,2025-10-20 14:32:03,000751.SZ,S,3.850,100
611,63,2025-10-20,2025-10-20 14:32:00,601600.SH,S,8.350,600
612,63,2025-10-20,2025-10-20 14:31:59,601600.SH,S,8.350,100
613,52,2025-10-20,2025-10-20 14:31:58,300511.SZ,B,6.610,300
614,63,2025-10-20,2025-10-20 14:31:58,601600.SH,S,8.350,100
615,63,2025-10-20,2025-10-20 14:31:57,601600.SH,S,8.350,100
616,52,2025-10-20,2025-10-20 14:31:45,300846.SZ,B,21.920,200
617,58,2025-10-20,2025-10-20 14:31:40,000989.SZ,S,9.710,300
618,59,2025-10-20,2025-10-20 14:31:29,000989.SZ,S,9.710,100
619,61,2025-10-20,2025-10-20 14:31:29,000989.SZ,S,9.710,100
620,61,2025-10-20,2025-10-20 14:31:29,000989.SZ,S,9.710,300
621,63,2025-10-20,2025-10-20 14:31:27,601018.SH,S,3.830,1400
622,59,2025-10-20,2025-10-20 14:31:26,600595.SH,S,6.130,100
623,58,2025-10-20,2025-10-20 14:31:24,603889.SH,S,7.530,100
624,58,2025-10-20,2025-10-20 14:31:24,603889.SH,S,7.530,200
625,52,2025-10-20,2025-10-20 14:31:17,601018.SH,B,3.830,100
626,52,2025-10-20,2025-10-20 14:31:17,000989.SZ,S,9.710,100
627,59,2025-10-20,2025-10-20 14:28:30,002506.SZ,S,2.440,100
628,63,2025-10-20,2025-10-20 14:28:30,601868.SH,B,2.460,1600
629,52,2025-10-20,2025-10-20 14:28:30,002506.SZ,S,2.440,100
630,61,2025-10-20,2025-10-20 14:28:20,603125.SH,S,16.500,100
631,63,2025-10-20,2025-10-20 14:28:17,601658.SH,B,5.690,600
632,61,2025-10-20,2025-10-20 14:28:15,601900.SH,S,13.530,100
633,63,2025-10-20,2025-10-20 14:28:15,601169.SH,S,5.730,1200
634,61,2025-10-20,2025-10-20 14:28:12,300846.SZ,B,21.950,200
635,61,2025-10-20,2025-10-20 14:28:12,300846.SZ,B,21.950,100
636,63,2025-10-20,2025-10-20 14:28:11,601169.SH,S,5.730,1200
637,52,2025-10-20,2025-10-20 14:28:10,000402.SZ,S,3.020,100
638,59,2025-10-20,2025-10-20 14:28:09,002292.SZ,S,8.340,100
639,59,2025-10-20,2025-10-20 14:28:08,000890.SZ,S,4.760,100
640,63,2025-10-20,2025-10-20 14:28:08,003816.SZ,B,3.990,1600
641,61,2025-10-20,2025-10-20 14:28:08,002688.SZ,S,6.650,100
642,63,2025-10-20,2025-10-20 14:28:08,601169.SH,S,5.730,1200
643,59,2025-10-20,2025-10-20 14:28:07,603889.SH,B,7.530,200
644,61,2025-10-20,2025-10-20 14:28:07,600795.SH,S,5.100,100
645,61,2025-10-20,2025-10-20 14:28:07,601928.SH,S,10.610,100
646,61,2025-10-20,2025-10-20 14:28:04,002246.SZ,B,19.210,200
647,61,2025-10-20,2025-10-20 14:28:04,000957.SZ,S,12.240,700
648,61,2025-10-20,2025-10-20 14:28:03,688249.SH,B,35.280,200
649,58,2025-10-20,2025-10-20 14:27:59,000957.SZ,S,12.240,200
650,63,2025-10-20,2025-10-20 14:28:00,002426.SZ,S,3.200,1000
651,63,2025-10-20,2025-10-20 14:28:00,002241.SZ,S,30.270,100
652,63,2025-10-20,2025-10-20 14:27:59,601916.SH,B,3.050,900
653,63,2025-10-20,2025-10-20 14:27:59,601916.SH,B,3.050,400
654,63,2025-10-20,2025-10-20 14:27:59,601916.SH,B,3.050,100
655,63,2025-10-20,2025-10-20 14:27:59,601916.SH,B,3.050,200
656,61,2025-10-20,2025-10-20 14:27:59,000718.SZ,S,2.650,100
657,58,2025-10-20,2025-10-20 14:27:59,000957.SZ,S,12.240,200
658,58,2025-10-20,2025-10-20 14:27:59,000957.SZ,S,12.240,200
659,59,2025-10-20,2025-10-20 14:27:58,603790.SH,S,21.110,100
660,61,2025-10-20,2025-10-20 14:27:58,603790.SH,S,21.110,200
661,61,2025-10-20,2025-10-20 14:27:57,601992.SH,S,1.730,900
662,61,2025-10-20,2025-10-20 14:27:56,000090.SZ,S,3.670,100
663,52,2025-10-20,2025-10-20 14:27:56,601992.SH,S,1.730,1700
664,59,2025-10-20,2025-10-20 14:27:55,601975.SH,S,3.240,100
665,61,2025-10-20,2025-10-20 14:27:55,601975.SH,S,3.240,100
666,61,2025-10-20,2025-10-20 14:27:48,603077.SH,S,2.110,100
667,59,2025-10-20,2025-10-20 14:27:47,002269.SZ,S,2.290,100
668,61,2025-10-20,2025-10-20 14:27:47,600022.SH,S,1.620,100
669,63,2025-10-20,2025-10-20 14:27:46,601818.SH,B,3.470,1600
670,52,2025-10-20,2025-10-20 14:27:21,603500.SH,S,12.080,100
671,61,2025-10-20,2025-10-20 14:27:06,002293.SZ,S,8.710,100
672,58,2025-10-20,2025-10-20 14:27:04,002307.SZ,B,4.850,100
673,61,2025-10-20,2025-10-20 14:27:05,600219.SH,S,4.010,100
674,63,2025-10-20,2025-10-20 14:26:57,601018.SH,B,3.830,1600
675,58,2025-10-20,2025-10-20 14:26:46,002026.SZ,B,14.760,800
676,61,2025-10-20,2025-10-20 14:26:40,300568.SZ,B,12.750,300
677,61,2025-10-20,2025-10-20 14:26:21,300568.SZ,B,12.730,400
678,58,2025-10-20,2025-10-20 14:26:17,600315.SH,S,27.600,200
679,61,2025-10-20,2025-10-20 14:25:57,603917.SH,S,15.020,100
680,52,2025-10-20,2025-10-20 14:25:47,600885.SH,S,26.980,100
681,61,2025-10-20,2025-10-20 14:25:29,603889.SH,B,7.510,400
682,63,2025-10-20,2025-10-20 14:25:28,601328.SH,B,6.970,1600
683,63,2025-10-20,2025-10-20 14:25:23,601618.SH,B,3.670,1600
684,61,2025-10-20,2025-10-20 14:25:20,300505.SZ,S,21.940,100
685,58,2025-10-20,2025-10-20 14:25:14,000819.SZ,S,17.840,200
686,59,2025-10-20,2025-10-20 14:25:10,601929.SH,B,3.510,200
687,61,2025-10-20,2025-10-20 14:25:10,601929.SH,B,3.510,500
688,59,2025-10-20,2025-10-20 14:25:08,000680.SZ,B,11.490,100
689,61,2025-10-20,2025-10-20 14:25:08,000680.SZ,B,11.490,200
690,59,2025-10-20,2025-10-20 14:25:03,300182.SZ,B,5.920,100
691,58,2025-10-20,2025-10-20 14:24:35,002174.SZ,S,11.490,300
692,61,2025-10-20,2025-10-20 14:24:35,600961.SH,S,15.030,300
693,63,2025-10-20,2025-10-20 14:24:25,600699.SH,S,30.400,100
694,61,2025-10-20,2025-10-20 14:24:25,600415.SH,S,19.310,300
695,58,2025-10-20,2025-10-20 14:24:12,300846.SZ,B,21.910,200
696,58,2025-10-20,2025-10-20 14:24:12,300846.SZ,B,21.910,200
697,52,2025-10-20,2025-10-20 14:24:07,601727.SH,S,9.160,100
698,58,2025-10-20,2025-10-20 14:23:52,600415.SH,S,19.310,200
699,58,2025-10-20,2025-10-20 14:23:52,600415.SH,S,19.310,200
700,61,2025-10-20,2025-10-20 14:23:50,002026.SZ,B,14.740,400
701,63,2025-10-20,2025-10-20 14:23:47,601600.SH,B,8.360,600
702,52,2025-10-20,2025-10-20 14:21:38,603633.SH,S,10.190,100
703,58,2025-10-20,2025-10-20 14:23:31,002497.SZ,B,16.020,100
704,52,2025-10-20,2025-10-20 14:16:18,600675.SH,S,2.940,100
705,58,2025-10-20,2025-10-20 14:23:17,603790.SH,S,21.110,200
706,59,2025-10-20,2025-10-20 14:23:16,002026.SZ,B,14.750,400
707,61,2025-10-20,2025-10-20 14:23:15,300185.SZ,S,2.940,100
708,63,2025-10-20,2025-10-20 14:23:01,000063.SZ,S,48.390,300
709,58,2025-10-20,2025-10-20 14:22:59,600961.SH,S,15.040,200
710,59,2025-10-20,2025-10-20 14:22:58,003010.SZ,S,43.810,100
711,63,2025-10-20,2025-10-20 14:22:57,601111.SH,S,8.640,100
712,61,2025-10-20,2025-10-20 14:22:19,300199.SZ,B,21.110,300
713,52,2025-10-20,2025-10-20 14:22:12,000726.SZ,S,7.000,100
714,58,2025-10-20,2025-10-20 14:22:13,601727.SH,S,9.140,300
715,63,2025-10-20,2025-10-20 14:22:12,000425.SZ,S,10.970,300
716,52,2025-10-20,2025-10-20 14:22:00,000957.SZ,S,12.240,600
717,52,2025-10-20,2025-10-20 14:22:00,000957.SZ,S,12.240,100
718,63,2025-10-20,2025-10-20 14:22:08,601998.SH,B,7.730,1600
719,52,2025-10-20,2025-10-20 14:22:03,601169.SH,S,5.740,300
720,61,2025-10-20,2025-10-20 14:21:57,601600.SH,S,8.350,100
721,59,2025-10-20,2025-10-20 14:21:52,600446.SH,S,16.700,100
722,59,2025-10-20,2025-10-20 14:21:52,002307.SZ,B,4.840,100
723,52,2025-10-20,2025-10-20 14:21:49,600582.SH,S,6.020,100
724,61,2025-10-20,2025-10-20 14:21:45,002956.SZ,S,19.290,100
725,61,2025-10-20,2025-10-20 14:21:45,002956.SZ,S,19.290,200
726,58,2025-10-20,2025-10-20 14:21:45,002246.SZ,B,19.180,100
727,52,2025-10-20,2025-10-20 14:21:45,600415.SH,S,19.290,200
728,59,2025-10-20,2025-10-20 14:21:45,688249.SH,B,35.210,200
729,59,2025-10-20,2025-10-20 14:21:44,002956.SZ,S,19.290,100
730,63,2025-10-20,2025-10-20 14:21:44,600418.SH,S,48.200,100
731,58,2025-10-20,2025-10-20 14:21:41,002246.SZ,B,19.180,100
732,58,2025-10-20,2025-10-20 14:21:40,002246.SZ,B,19.180,200
733,61,2025-10-20,2025-10-20 14:21:35,300846.SZ,B,21.900,200
734,61,2025-10-20,2025-10-20 14:21:33,603037.SH,S,14.090,100
735,59,2025-10-20,2025-10-20 14:21:23,300767.SZ,B,20.550,200
736,61,2025-10-20,2025-10-20 14:21:23,300767.SZ,B,20.550,200
737,63,2025-10-20,2025-10-20 14:21:23,000056.SZ,S,2.320,1900
738,61,2025-10-20,2025-10-20 14:21:22,002246.SZ,B,19.190,200
739,61,2025-10-20,2025-10-20 14:21:22,002246.SZ,B,19.190,100
740,58,2025-10-20,2025-10-20 14:21:22,600684.SH,B,5.460,700
741,58,2025-10-20,2025-10-20 14:21:22,600684.SH,B,5.460,300
742,61,2025-10-20,2025-10-20 14:21:21,300772.SZ,B,16.820,200
743,59,2025-10-20,2025-10-20 14:21:19,002174.SZ,S,11.480,100
744,59,2025-10-20,2025-10-20 14:21:19,002174.SZ,S,11.480,100
745,61,2025-10-20,2025-10-20 14:21:19,002174.SZ,S,11.480,400
746,52,2025-10-20,2025-10-20 14:21:16,002174.SZ,S,11.480,100
747,61,2025-10-20,2025-10-20 14:21:18,600623.SH,S,8.810,100
748,52,2025-10-20,2025-10-20 14:17:39,002303.SZ,S,4.420,100
749,58,2025-10-20,2025-10-20 14:21:15,600490.SH,S,8.280,100
750,58,2025-10-20,2025-10-20 14:21:15,600490.SH,S,8.280,100
751,58,2025-10-20,2025-10-20 14:21:15,600490.SH,S,8.280,500
752,59,2025-10-20,2025-10-20 14:21:14,000957.SZ,S,12.250,600
753,61,2025-10-20,2025-10-20 14:21:14,000957.SZ,S,12.250,800
754,52,2025-10-20,2025-10-20 14:20:56,002928.SZ,S,10.840,100
755,58,2025-10-20,2025-10-20 14:21:00,000680.SZ,B,11.450,100
756,63,2025-10-20,2025-10-20 14:20:51,601816.SH,B,5.180,1200
757,63,2025-10-20,2025-10-20 14:20:51,601816.SH,B,5.180,400
758,52,2025-10-20,2025-10-20 14:20:34,000426.SZ,S,30.950,100
759,61,2025-10-20,2025-10-20 14:20:37,688249.SH,B,35.200,200
760,58,2025-10-20,2025-10-20 14:20:35,601929.SH,B,3.510,600
761,58,2025-10-20,2025-10-20 14:20:28,601992.SH,S,1.730,221
762,58,2025-10-20,2025-10-20 14:20:28,601992.SH,S,1.730,700
763,58,2025-10-20,2025-10-20 14:20:28,002026.SZ,B,14.730,700
764,58,2025-10-20,2025-10-20 14:20:28,601992.SH,S,1.730,679
765,58,2025-10-20,2025-10-20 14:20:20,300767.SZ,B,20.510,100
766,61,2025-10-20,2025-10-20 14:20:12,002313.SZ,S,11.310,200
767,59,2025-10-20,2025-10-20 14:20:10,600415.SH,S,19.290,100
768,61,2025-10-20,2025-10-20 14:20:10,600415.SH,S,19.290,200
769,59,2025-10-20,2025-10-20 14:20:03,603588.SH,B,7.500,100
770,61,2025-10-20,2025-10-20 14:20:03,603588.SH,B,7.500,200
771,61,2025-10-20,2025-10-20 14:20:03,300304.SZ,S,11.940,200
772,58,2025-10-20,2025-10-20 14:19:51,300199.SZ,B,21.100,400
773,58,2025-10-20,2025-10-20 14:19:50,000957.SZ,S,12.250,700
774,61,2025-10-20,2025-10-20 14:19:48,002026.SZ,B,14.720,100
775,59,2025-10-20,2025-10-20 14:19:47,300199.SZ,B,21.100,100
776,52,2025-10-20,2025-10-20 14:19:43,600315.SH,S,27.550,100
777,59,2025-10-20,2025-10-20 14:19:41,600315.SH,S,27.550,100
778,63,2025-10-20,2025-10-20 14:19:41,600315.SH,S,27.550,100
779,61,2025-10-20,2025-10-20 14:19:41,600315.SH,S,27.550,300
780,61,2025-10-20,2025-10-20 14:19:40,002026.SZ,B,14.720,100
781,61,2025-10-20,2025-10-20 14:19:39,002026.SZ,B,14.720,200
782,59,2025-10-20,2025-10-20 14:19:37,002246.SZ,B,19.180,100
783,61,2025-10-20,2025-10-20 14:19:25,300568.SZ,B,12.690,400
784,61,2025-10-20,2025-10-20 14:19:18,605168.SH,S,29.400,100
785,63,2025-10-20,2025-10-20 14:18:43,601600.SH,B,8.340,1000
786,61,2025-10-20,2025-10-20 14:18:42,002145.SZ,S,5.610,100
787,61,2025-10-20,2025-10-20 14:18:38,002392.SZ,S,8.700,100
788,59,2025-10-20,2025-10-20 14:18:32,300846.SZ,B,21.850,100
789,58,2025-10-20,2025-10-20 14:18:25,688249.SH,B,35.150,465
790,58,2025-10-20,2025-10-20 14:18:24,603889.SH,B,7.500,900
791,52,2025-10-20,2025-10-20 14:18:24,002636.SZ,S,12.900,100
792,61,2025-10-20,2025-10-20 14:18:23,002636.SZ,S,12.900,400
793,59,2025-10-20,2025-10-20 14:18:22,002636.SZ,S,12.900,100
794,61,2025-10-20,2025-10-20 14:18:21,002562.SZ,S,7.160,100
795,52,2025-10-20,2025-10-20 14:17:46,000751.SZ,S,3.850,100
796,58,2025-10-20,2025-10-20 14:17:59,002313.SZ,S,11.340,200
797,61,2025-10-20,2025-10-20 14:17:56,002026.SZ,B,14.720,600
798,58,2025-10-20,2025-10-20 14:17:51,002636.SZ,S,12.910,300
799,59,2025-10-20,2025-10-20 14:17:50,601727.SH,S,9.120,100
800,61,2025-10-20,2025-10-20 14:17:50,601727.SH,S,9.120,400
801,58,2025-10-20,2025-10-20 14:17:49,002956.SZ,S,19.300,200
802,61,2025-10-20,2025-10-20 14:17:40,300007.SZ,S,53.990,100
803,63,2025-10-20,2025-10-20 14:17:36,601658.SH,B,5.690,1000
804,61,2025-10-20,2025-10-20 14:17:33,300005.SZ,S,8.270,100
805,59,2025-10-20,2025-10-20 14:17:28,603300.SH,S,7.060,100
806,59,2025-10-20,2025-10-20 14:17:13,600338.SH,B,12.930,100
807,59,2025-10-20,2025-10-20 14:17:09,300511.SZ,B,6.600,100
808,61,2025-10-20,2025-10-20 14:17:09,300511.SZ,B,6.600,300
809,58,2025-10-20,2025-10-20 14:17:09,300511.SZ,B,6.600,400
810,59,2025-10-20,2025-10-20 14:17:07,000402.SZ,S,3.030,100
811,61,2025-10-20,2025-10-20 14:17:07,000639.SZ,S,3.060,100
812,61,2025-10-20,2025-10-20 14:17:07,000402.SZ,S,3.030,100
813,59,2025-10-20,2025-10-20 14:17:03,600239.SH,S,2.530,100
814,59,2025-10-20,2025-10-20 14:16:43,000523.SZ,S,3.170,100
815,63,2025-10-20,2025-10-20 14:16:41,603286.SH,S,42.020,100
816,61,2025-10-20,2025-10-20 14:16:41,000819.SZ,S,17.850,100
817,61,2025-10-20,2025-10-20 14:16:41,300422.SZ,S,5.020,100
818,61,2025-10-20,2025-10-20 14:16:41,000819.SZ,S,17.850,200
819,59,2025-10-20,2025-10-20 14:16:40,000819.SZ,S,17.850,100
820,52,2025-10-20,2025-10-20 14:16:18,002064.SZ,S,8.670,100
821,63,2025-10-20,2025-10-20 14:16:36,002241.SZ,S,30.310,100
822,63,2025-10-20,2025-10-20 14:16:36,002241.SZ,S,30.310,300
823,58,2025-10-20,2025-10-20 14:16:25,300772.SZ,B,16.800,400
824,52,2025-10-20,2025-10-20 14:16:18,600516.SH,S,5.400,800
825,59,2025-10-20,2025-10-20 14:16:15,600684.SH,B,5.440,300
826,61,2025-10-20,2025-10-20 14:16:15,600684.SH,B,5.440,900
827,61,2025-10-20,2025-10-20 14:16:15,000100.SZ,S,4.110,100
828,61,2025-10-20,2025-10-20 14:13:30,002506.SZ,S,2.440,100
829,63,2025-10-20,2025-10-20 14:13:17,601169.SH,S,5.740,700
830,63,2025-10-20,2025-10-20 14:13:13,601728.SH,S,6.820,700
831,58,2025-10-20,2025-10-20 14:13:11,300568.SZ,B,12.740,500
832,61,2025-10-20,2025-10-20 14:13:10,002865.SZ,B,40.550,100
833,52,2025-10-20,2025-10-20 14:13:10,601375.SH,S,4.460,100
834,52,2025-10-20,2025-10-20 14:13:10,300078.SZ,S,3.350,100
835,61,2025-10-20,2025-10-20 14:13:09,600935.SH,S,2.580,100
836,59,2025-10-20,2025-10-20 14:13:08,002307.SZ,B,4.850,300
837,61,2025-10-20,2025-10-20 14:13:08,002307.SZ,B,4.850,700
838,63,2025-10-20,2025-10-20 14:13:07,601728.SH,S,6.820,800
839,52,2025-10-20,2025-10-20 14:13:07,603798.SH,S,15.120,100
840,52,2025-10-20,2025-10-20 14:13:07,603030.SH,S,3.440,100
841,61,2025-10-20,2025-10-20 14:13:05,300304.SZ,B,11.980,300
842,61,2025-10-20,2025-10-20 14:13:05,300304.SZ,B,11.980,100
843,63,2025-10-20,2025-10-20 14:13:02,000957.SZ,S,12.280,300
844,59,2025-10-20,2025-10-20 14:13:00,300568.SZ,B,12.750,600
845,61,2025-10-20,2025-10-20 14:12:58,002222.SZ,B,43.670,300
846,59,2025-10-20,2025-10-20 14:12:57,601992.SH,S,1.730,2400
847,61,2025-10-20,2025-10-20 14:12:57,601992.SH,S,1.730,7100
848,58,2025-10-20,2025-10-20 14:12:56,605287.SH,S,25.440,400
849,61,2025-10-20,2025-10-20 14:12:56,000718.SZ,B,2.660,100
850,52,2025-10-20,2025-10-20 14:12:56,601992.SH,S,1.730,3100
851,58,2025-10-20,2025-10-20 14:12:56,002928.SZ,S,10.890,400
852,58,2025-10-20,2025-10-20 14:12:46,601992.SH,S,1.730,6200
853,61,2025-10-20,2025-10-20 14:12:42,002097.SZ,B,12.280,300
854,58,2025-10-20,2025-10-20 14:12:31,300390.SZ,B,23.430,300
855,61,2025-10-20,2025-10-20 14:12:25,002928.SZ,S,10.890,500
856,59,2025-10-20,2025-10-20 14:12:22,002674.SZ,S,13.490,100
857,61,2025-10-20,2025-10-20 14:12:22,002674.SZ,S,13.490,200
858,63,2025-10-20,2025-10-20 14:12:19,603725.SH,S,10.310,300
859,61,2025-10-20,2025-10-20 14:12:13,688403.SH,B,15.860,400
860,63,2025-10-20,2025-10-20 14:12:09,002735.SZ,S,15.750,100
861,58,2025-10-20,2025-10-20 14:12:03,300390.SZ,B,23.470,200
862,61,2025-10-20,2025-10-20 14:11:55,301307.SZ,B,30.210,500
863,58,2025-10-20,2025-10-20 14:11:53,688223.SH,B,5.450,344
864,63,2025-10-20,2025-10-20 14:11:46,603030.SH,S,3.450,1300
865,63,2025-10-20,2025-10-20 14:11:46,603030.SH,S,3.450,200
866,61,2025-10-20,2025-10-20 14:11:44,300457.SZ,S,30.160,100
867,61,2025-10-20,2025-10-20 14:11:44,002645.SZ,B,14.660,300
868,61,2025-10-20,2025-10-20 14:11:34,003010.SZ,S,43.930,100
869,61,2025-10-20,2025-10-20 14:11:26,300619.SZ,B,36.990,200
870,61,2025-10-20,2025-10-20 14:11:24,301448.SZ,S,58.810,100
871,63,2025-10-20,2025-10-20 14:11:11,600362.SH,S,37.020,100
872,61,2025-10-20,2025-10-20 14:11:08,300304.SZ,B,11.990,300
873,58,2025-10-20,2025-10-20 14:10:54,002307.SZ,B,4.850,500
874,61,2025-10-20,2025-10-20 14:10:52,688223.SH,B,5.450,368
875,63,2025-10-20,2025-10-20 14:10:34,600337.SH,S,2.230,1000
876,61,2025-10-20,2025-10-20 14:10:34,600337.SH,S,2.230,100
877,52,2025-10-20,2025-10-20 14:10:04,002390.SZ,S,3.820,600
878,59,2025-10-20,2025-10-20 14:10:09,603222.SH,S,10.390,200
879,59,2025-10-20,2025-10-20 14:10:09,603222.SH,S,10.390,300
880,61,2025-10-20,2025-10-20 14:10:09,603222.SH,S,10.390,200
881,61,2025-10-20,2025-10-20 14:10:09,603222.SH,S,10.390,100
882,61,2025-10-20,2025-10-20 14:10:09,603222.SH,S,10.390,200
883,61,2025-10-20,2025-10-20 14:10:09,603222.SH,S,10.390,800
884,58,2025-10-20,2025-10-20 14:10:08,600510.SH,S,7.600,100
885,63,2025-10-20,2025-10-20 14:10:00,000063.SZ,B,48.410,100
886,61,2025-10-20,2025-10-20 14:09:43,603266.SH,S,21.950,100
887,52,2025-10-20,2025-10-20 14:09:43,603266.SH,S,21.950,100
888,58,2025-10-20,2025-10-20 14:09:35,603222.SH,S,10.400,400
889,61,2025-10-20,2025-10-20 14:09:35,600671.SH,S,18.280,400
890,61,2025-10-20,2025-10-20 14:09:34,002875.SZ,B,18.510,100
891,58,2025-10-20,2025-10-20 14:09:32,002562.SZ,S,7.170,100
892,61,2025-10-20,2025-10-20 14:09:28,603790.SH,S,21.210,100
893,59,2025-10-20,2025-10-20 14:09:28,300390.SZ,B,23.520,300
894,59,2025-10-20,2025-10-20 14:09:24,601929.SH,B,3.520,100
895,61,2025-10-20,2025-10-20 14:09:24,601929.SH,B,3.520,100
896,63,2025-10-20,2025-10-20 14:09:23,600362.SH,S,37.050,100
897,52,2025-10-20,2025-10-20 14:09:16,000889.SZ,S,3.930,100
898,63,2025-10-20,2025-10-20 14:09:13,600031.SH,S,22.440,500
899,61,2025-10-20,2025-10-20 14:09:11,002497.SZ,B,15.850,600
900,61,2025-10-20,2025-10-20 14:09:07,002695.SZ,S,12.650,100
901,63,2025-10-20,2025-10-20 14:09:06,600418.SH,B,48.310,500
902,63,2025-10-20,2025-10-20 14:09:02,601857.SH,S,8.620,600
903,61,2025-10-20,2025-10-20 14:08:53,300568.SZ,B,12.780,100
904,61,2025-10-20,2025-10-20 14:08:53,300568.SZ,B,12.780,200
905,52,2025-10-20,2025-10-20 14:04:52,601857.SH,S,8.620,300
906,58,2025-10-20,2025-10-20 14:08:52,603077.SH,S,2.120,100
907,63,2025-10-20,2025-10-20 14:08:53,603500.SH,S,12.070,900
908,61,2025-10-20,2025-10-20 14:08:50,002313.SZ,S,11.370,400
909,58,2025-10-20,2025-10-20 14:08:49,000889.SZ,S,3.940,100
910,63,2025-10-20,2025-10-20 14:08:46,000425.SZ,B,10.980,700
911,63,2025-10-20,2025-10-20 14:08:45,603500.SH,S,12.070,100
912,52,2025-10-20,2025-10-20 14:08:24,002313.SZ,S,11.370,100
913,58,2025-10-20,2025-10-20 14:08:36,301105.SZ,S,48.660,100
914,61,2025-10-20,2025-10-20 14:08:34,002097.SZ,B,12.310,1100
915,63,2025-10-20,2025-10-20 14:08:31,603500.SH,S,12.070,100
916,61,2025-10-20,2025-10-20 14:08:30,000600.SZ,B,9.160,200
917,58,2025-10-20,2025-10-20 14:08:20,300304.SZ,B,12.030,400
918,58,2025-10-20,2025-10-20 14:08:18,300568.SZ,B,12.770,1100
919,58,2025-10-20,2025-10-20 14:08:16,300304.SZ,B,12.030,100
920,61,2025-10-20,2025-10-20 14:08:11,002842.SZ,B,10.290,100
921,59,2025-10-20,2025-10-20 14:07:43,603300.SH,B,7.050,100
922,59,2025-10-20,2025-10-20 14:07:38,002487.SZ,B,45.040,100
923,59,2025-10-20,2025-10-20 14:07:38,002487.SZ,B,45.040,100
924,61,2025-10-20,2025-10-20 14:07:36,002497.SZ,B,15.870,200
925,61,2025-10-20,2025-10-20 14:07:36,300505.SZ,B,21.900,100
926,58,2025-10-20,2025-10-20 14:07:35,300390.SZ,B,23.510,200
927,58,2025-10-20,2025-10-20 14:07:34,002645.SZ,B,14.710,200
928,61,2025-10-20,2025-10-20 14:07:34,300304.SZ,B,12.030,300
929,61,2025-10-20,2025-10-20 14:07:30,002622.SZ,S,3.180,100
930,58,2025-10-20,2025-10-20 14:07:30,000680.SZ,S,11.460,100
931,59,2025-10-20,2025-10-20 14:07:29,300199.SZ,B,21.220,100
932,61,2025-10-20,2025-10-20 14:07:29,300199.SZ,B,21.220,100
933,59,2025-10-20,2025-10-20 14:07:28,300304.SZ,B,12.030,300
934,63,2025-10-20,2025-10-20 14:07:28,000063.SZ,B,48.560,200
935,63,2025-10-20,2025-10-20 14:07:24,601169.SH,S,5.740,1200
936,63,2025-10-20,2025-10-20 14:07:24,601169.SH,S,5.740,600
937,63,2025-10-20,2025-10-20 14:07:24,601169.SH,S,5.740,700
938,63,2025-10-20,2025-10-20 14:07:18,603725.SH,S,10.340,400
939,61,2025-10-20,2025-10-20 14:07:17,300079.SZ,S,5.580,100
940,61,2025-10-20,2025-10-20 14:07:16,300363.SZ,S,24.480,100
941,52,2025-10-20,2025-10-20 14:07:16,300670.SZ,S,9.160,100
942,59,2025-10-20,2025-10-20 14:07:10,002390.SZ,S,3.820,600
943,61,2025-10-20,2025-10-20 14:07:10,002390.SZ,S,3.820,1700
944,59,2025-10-20,2025-10-20 14:06:56,600446.SH,B,16.730,100
945,58,2025-10-20,2025-10-20 14:06:55,002255.SZ,S,8.610,100
946,61,2025-10-20,2025-10-20 14:06:50,605287.SH,S,25.390,300
947,61,2025-10-20,2025-10-20 14:06:36,002928.SZ,S,10.880,1000
948,61,2025-10-20,2025-10-20 14:06:35,002928.SZ,S,10.880,200
949,61,2025-10-20,2025-10-20 14:06:35,002928.SZ,S,10.880,100
950,61,2025-10-20,2025-10-20 14:06:35,002928.SZ,S,10.880,500
951,59,2025-10-20,2025-10-20 14:06:34,002928.SZ,S,10.880,100
952,59,2025-10-20,2025-10-20 14:06:34,002928.SZ,S,10.880,600
953,59,2025-10-20,2025-10-20 14:06:34,002928.SZ,S,10.880,100
954,61,2025-10-20,2025-10-20 14:06:33,300511.SZ,B,6.620,500
955,58,2025-10-20,2025-10-20 14:06:31,600159.SH,S,2.970,900
956,61,2025-10-20,2025-10-20 14:06:31,600481.SH,S,6.490,100
957,63,2025-10-20,2025-10-20 14:06:31,002241.SZ,B,30.410,500
958,52,2025-10-20,2025-10-20 14:06:14,603222.SH,S,10.420,100
959,52,2025-10-20,2025-10-20 14:06:14,603222.SH,S,10.420,300
960,52,2025-10-20,2025-10-20 14:06:14,603222.SH,S,10.420,100
961,52,2025-10-20,2025-10-20 14:06:21,605287.SH,S,25.390,100
962,63,2025-10-20,2025-10-20 14:06:19,002532.SZ,S,11.870,200
963,63,2025-10-20,2025-10-20 14:06:19,002532.SZ,S,11.870,400
964,61,2025-10-20,2025-10-20 14:06:09,605168.SH,B,29.490,100
965,58,2025-10-20,2025-10-20 14:06:09,601121.SH,S,7.030,100
966,59,2025-10-20,2025-10-20 14:06:08,300511.SZ,B,6.620,200
967,58,2025-10-20,2025-10-20 14:06:08,300511.SZ,B,6.620,200
968,58,2025-10-20,2025-10-20 14:05:53,002928.SZ,S,10.890,400
969,58,2025-10-20,2025-10-20 14:05:53,002928.SZ,S,10.890,1200
970,52,2025-10-20,2025-10-20 14:04:11,603330.SH,S,7.640,100
971,61,2025-10-20,2025-10-20 14:05:52,002195.SZ,S,7.340,100
972,58,2025-10-20,2025-10-20 14:05:52,603725.SH,S,10.350,100
973,52,2025-10-20,2025-10-20 14:05:52,002928.SZ,S,10.890,600
974,61,2025-10-20,2025-10-20 14:05:49,301105.SZ,S,48.620,200
975,59,2025-10-20,2025-10-20 14:05:46,603798.SH,S,15.230,100
976,61,2025-10-20,2025-10-20 14:05:46,603798.SH,S,15.230,100
977,61,2025-10-20,2025-10-20 14:05:42,600882.SH,S,26.120,100
978,58,2025-10-20,2025-10-20 14:05:41,603266.SH,S,21.990,100
979,58,2025-10-20,2025-10-20 14:05:41,600671.SH,S,18.280,300
980,63,2025-10-20,2025-10-20 14:05:41,603725.SH,S,10.350,100
981,63,2025-10-20,2025-10-20 14:05:41,603725.SH,S,10.350,100
982,63,2025-10-20,2025-10-20 14:05:41,603725.SH,S,10.350,100
983,63,2025-10-20,2025-10-20 14:05:32,600031.SH,S,22.460,100
984,63,2025-10-20,2025-10-20 14:05:32,600031.SH,S,22.460,100
985,63,2025-10-20,2025-10-20 14:05:28,002241.SZ,B,30.490,100
986,59,2025-10-20,2025-10-20 14:05:26,300005.SZ,B,8.270,100
987,61,2025-10-20,2025-10-20 14:05:26,300005.SZ,B,8.270,100
988,58,2025-10-20,2025-10-20 14:05:26,002390.SZ,S,3.820,700
989,58,2025-10-20,2025-10-20 14:05:26,002390.SZ,S,3.820,300
990,58,2025-10-20,2025-10-20 14:05:26,002390.SZ,S,3.820,500
991,59,2025-10-20,2025-10-20 14:05:21,002645.SZ,B,14.710,100
992,63,2025-10-20,2025-10-20 14:05:21,000957.SZ,S,12.270,100
993,63,2025-10-20,2025-10-20 14:05:20,000957.SZ,S,12.270,800
994,58,2025-10-20,2025-10-20 14:05:09,300390.SZ,B,23.500,200
995,59,2025-10-20,2025-10-20 14:04:41,603889.SH,B,7.520,100
996,58,2025-10-20,2025-10-20 14:04:39,002674.SZ,S,13.540,100
997,61,2025-10-20,2025-10-20 14:04:36,603889.SH,B,7.520,300
998,52,2025-10-20,2025-10-20 14:04:16,002674.SZ,S,13.540,100
999,58,2025-10-20,2025-10-20 14:04:24,601908.SH,S,4.180,100
1000,61,2025-10-20,2025-10-20 14:04:24,002865.SZ,B,40.630,100
1001,58,2025-10-20,2025-10-20 14:04:20,601618.SH,S,3.680,100
1002,52,2025-10-20,2025-10-20 14:04:07,600315.SH,S,27.510,100
1003,63,2025-10-20,2025-10-20 14:04:06,600315.SH,S,27.510,100
1004,61,2025-10-20,2025-10-20 14:04:07,002865.SZ,B,40.630,100
1005,61,2025-10-20,2025-10-20 14:03:58,000063.SZ,B,48.520,100
1006,58,2025-10-20,2025-10-20 14:03:49,603222.SH,S,10.440,300
1007,58,2025-10-20,2025-10-20 14:03:44,603222.SH,S,10.440,400
1008,58,2025-10-20,2025-10-20 14:03:42,603798.SH,S,15.220,100
1009,58,2025-10-20,2025-10-20 14:03:40,000973.SZ,S,7.530,100
1010,58,2025-10-20,2025-10-20 14:03:40,002636.SZ,S,12.970,600
1011,63,2025-10-20,2025-10-20 14:03:38,601618.SH,B,3.680,200
1012,61,2025-10-20,2025-10-20 14:03:33,605287.SH,S,25.420,200
1013,59,2025-10-20,2025-10-20 14:03:32,605287.SH,S,25.420,100
1014,61,2025-10-20,2025-10-20 14:03:25,002782.SZ,S,17.370,100
1015,61,2025-10-20,2025-10-20 14:03:24,300422.SZ,B,5.030,100
1016,59,2025-10-20,2025-10-20 14:03:23,600159.SH,S,2.970,100
1017,59,2025-10-20,2025-10-20 14:03:20,600415.SH,S,19.370,100
1018,63,2025-10-20,2025-10-20 14:03:19,600362.SH,S,37.150,100
1019,58,2025-10-20,2025-10-20 14:03:16,600169.SH,S,2.630,100
1020,58,2025-10-20,2025-10-20 14:03:10,002865.SZ,B,40.680,100
1021,58,2025-10-20,2025-10-20 14:03:03,002241.SZ,B,30.530,100
1022,61,2025-10-20,2025-10-20 14:02:47,600844.SH,S,3.000,100
1023,61,2025-10-20,2025-10-20 14:02:46,002241.SZ,B,30.520,100
1024,63,2025-10-20,2025-10-20 14:02:46,002241.SZ,B,30.520,200
1025,61,2025-10-20,2025-10-20 14:02:46,002241.SZ,B,30.520,100
1026,63,2025-10-20,2025-10-20 14:02:46,002241.SZ,B,30.520,200
1027,58,2025-10-20,2025-10-20 14:02:34,688249.SH,B,35.420,390
1028,63,2025-10-20,2025-10-20 14:02:33,000063.SZ,B,48.660,400
1029,61,2025-10-20,2025-10-20 14:02:31,000762.SZ,S,23.470,100
1030,59,2025-10-20,2025-10-20 14:02:25,002636.SZ,S,12.990,300
1031,61,2025-10-20,2025-10-20 14:02:25,002636.SZ,S,12.990,600
1032,52,2025-10-20,2025-10-20 14:02:25,002636.SZ,S,12.990,200
1033,63,2025-10-20,2025-10-20 14:02:14,600418.SH,B,48.330,200
1034,63,2025-10-20,2025-10-20 14:02:14,600418.SH,B,48.330,200
1035,63,2025-10-20,2025-10-20 14:02:10,600418.SH,B,48.330,100
1036,63,2025-10-20,2025-10-20 14:02:10,002600.SZ,B,14.380,200
1037,58,2025-10-20,2025-10-20 14:02:08,002497.SZ,B,15.860,500
1038,63,2025-10-20,2025-10-20 14:01:59,002638.SZ,S,2.670,800
1039,63,2025-10-20,2025-10-20 14:01:59,002638.SZ,S,2.670,1200
1040,63,2025-10-20,2025-10-20 14:01:59,002638.SZ,S,2.670,600
1041,59,2025-10-20,2025-10-20 14:01:46,601015.SH,S,4.110,500
1042,61,2025-10-20,2025-10-20 14:01:46,601015.SH,S,4.110,1300
1043,58,2025-10-20,2025-10-20 14:01:46,601015.SH,S,4.110,1100
1044,58,2025-10-20,2025-10-20 14:01:39,002313.SZ,S,11.340,300
1045,59,2025-10-20,2025-10-20 14:01:38,600510.SH,S,7.630,100
1046,61,2025-10-20,2025-10-20 14:01:38,600510.SH,S,7.630,200
1047,52,2025-10-20,2025-10-20 14:01:37,300773.SZ,S,23.760,100
1048,59,2025-10-20,2025-10-20 14:01:35,300182.SZ,S,5.950,100
1049,58,2025-10-20,2025-10-20 14:01:33,603889.SH,B,7.520,100
1050,61,2025-10-20,2025-10-20 14:01:19,688108.SH,S,27.790,200
1051,63,2025-10-20,2025-10-20 14:01:18,002625.SZ,S,45.870,100
1052,61,2025-10-20,2025-10-20 14:01:16,300911.SZ,B,41.800,100
1053,61,2025-10-20,2025-10-20 13:58:30,300110.SZ,S,3.270,100
1054,52,2025-10-20,2025-10-20 13:58:30,600157.SH,B,1.670,100
1055,61,2025-10-20,2025-10-20 13:58:17,300619.SZ,B,37.220,100
1056,61,2025-10-20,2025-10-20 13:58:17,300619.SZ,B,37.210,100
1057,61,2025-10-20,2025-10-20 13:58:17,300619.SZ,B,37.210,100
1058,58,2025-10-20,2025-10-20 13:58:15,002487.SZ,B,45.110,200
1059,63,2025-10-20,2025-10-20 13:58:13,301105.SZ,S,48.710,200
1060,63,2025-10-20,2025-10-20 13:58:13,000757.SZ,S,5.410,100
1061,63,2025-10-20,2025-10-20 13:58:13,000757.SZ,S,5.410,700
1062,61,2025-10-20,2025-10-20 13:58:13,000757.SZ,S,5.410,800
1063,63,2025-10-20,2025-10-20 13:58:12,002625.SZ,B,45.790,100
1064,52,2025-10-20,2025-10-20 13:58:10,601375.SH,B,4.480,100
1065,52,2025-10-20,2025-10-20 13:58:10,300078.SZ,B,3.370,100
1066,61,2025-10-20,2025-10-20 13:58:10,000717.SZ,B,2.760,100
1067,59,2025-10-20,2025-10-20 13:58:08,000757.SZ,S,5.410,100
1068,59,2025-10-20,2025-10-20 13:58:08,000757.SZ,S,5.410,500
1069,63,2025-10-20,2025-10-20 13:58:08,000757.SZ,S,5.410,700
1070,63,2025-10-20,2025-10-20 13:58:08,000757.SZ,S,5.410,200
1071,61,2025-10-20,2025-10-20 13:58:08,000757.SZ,S,5.410,800
1072,58,2025-10-20,2025-10-20 13:58:08,000757.SZ,S,5.410,1400
1073,63,2025-10-20,2025-10-20 13:58:07,600977.SH,S,13.430,300
1074,52,2025-10-20,2025-10-20 13:58:07,002059.SZ,S,5.520,100
1075,52,2025-10-20,2025-10-20 13:58:07,000757.SZ,S,5.410,1000
1076,61,2025-10-20,2025-10-20 13:58:06,002733.SZ,B,19.860,100
1077,58,2025-10-20,2025-10-20 13:58:06,688403.SH,B,15.930,530
1078,61,2025-10-20,2025-10-20 13:58:04,002487.SZ,B,45.120,100
1079,61,2025-10-20,2025-10-20 13:58:03,605098.SH,S,40.360,100
1080,58,2025-10-20,2025-10-20 13:58:02,605098.SH,S,40.340,100
1081,58,2025-10-20,2025-10-20 13:58:02,605098.SH,S,40.340,100
1082,61,2025-10-20,2025-10-20 13:58:00,002636.SZ,S,12.970,100
1083,58,2025-10-20,2025-10-20 13:57:59,300710.SZ,S,21.580,100
1084,58,2025-10-20,2025-10-20 13:57:59,300710.SZ,S,21.580,100
1085,58,2025-10-20,2025-10-20 13:57:59,300710.SZ,S,21.580,100
1086,58,2025-10-20,2025-10-20 13:57:58,002562.SZ,S,7.160,200
1087,52,2025-10-20,2025-10-20 13:57:57,601992.SH,S,1.730,200
1088,59,2025-10-20,2025-10-20 13:57:56,688403.SH,B,15.930,552
1089,52,2025-10-20,2025-10-20 13:57:56,600839.SH,B,9.940,100
1090,63,2025-10-20,2025-10-20 13:57:47,600527.SH,S,2.320,100
1091,61,2025-10-20,2025-10-20 13:57:46,601778.SH,S,3.520,100
1092,59,2025-10-20,2025-10-20 13:57:45,601018.SH,S,3.830,100
1093,63,2025-10-20,2025-10-20 13:57:45,002390.SZ,S,3.820,2200
1094,59,2025-10-20,2025-10-20 13:57:36,601619.SH,S,4.490,100
1095,63,2025-10-20,2025-10-20 13:57:30,688189.SH,S,8.190,628
1096,61,2025-10-20,2025-10-20 13:57:25,688108.SH,B,27.620,316
1097,61,2025-10-20,2025-10-20 13:57:25,600688.SH,S,2.720,100
1098,61,2025-10-20,2025-10-20 13:57:23,603949.SH,S,19.470,100
1099,58,2025-10-20,2025-10-20 13:57:20,002097.SZ,B,12.320,1000
1100,61,2025-10-20,2025-10-20 13:57:19,603090.SH,S,47.660,100
1101,59,2025-10-20,2025-10-20 13:57:18,002097.SZ,B,12.320,600
1102,63,2025-10-20,2025-10-20 13:57:14,600031.SH,B,22.490,300
1103,63,2025-10-20,2025-10-20 13:57:14,600031.SH,B,22.490,600
1104,61,2025-10-20,2025-10-20 13:57:14,300145.SZ,S,4.350,100
1105,61,2025-10-20,2025-10-20 13:57:12,002988.SZ,S,40.910,100
1106,52,2025-10-20,2025-10-20 13:57:08,300528.SZ,B,19.580,100
1107,52,2025-10-20,2025-10-20 13:56:59,300498.SZ,B,18.500,100
1108,52,2025-10-20,2025-10-20 13:56:52,002345.SZ,B,14.190,100
1109,61,2025-10-20,2025-10-20 13:56:40,000762.SZ,B,23.440,300
1110,61,2025-10-20,2025-10-20 13:56:40,000762.SZ,B,23.440,200
1111,52,2025-10-20,2025-10-20 13:52:18,603798.SH,S,15.130,100
1112,58,2025-10-20,2025-10-20 13:56:32,002321.SZ,S,2.850,100
1113,58,2025-10-20,2025-10-20 13:56:32,002321.SZ,S,2.850,1400
1114,58,2025-10-20,2025-10-20 13:56:32,002321.SZ,S,2.850,1400
1115,58,2025-10-20,2025-10-20 13:56:23,688403.SH,B,15.900,49
1116,52,2025-10-20,2025-10-20 13:55:58,603988.SH,B,29.750,100
1117,61,2025-10-20,2025-10-20 13:56:14,002321.SZ,S,2.850,3300
1118,52,2025-10-20,2025-10-20 13:46:16,002321.SZ,S,2.850,500
1119,59,2025-10-20,2025-10-20 13:56:14,002321.SZ,S,2.850,1200
1120,58,2025-10-20,2025-10-20 13:56:10,688403.SH,B,15.900,151
1121,52,2025-10-20,2025-10-20 13:55:14,600801.SH,B,20.280,100
1122,52,2025-10-20,2025-10-20 13:55:47,600438.SH,B,23.060,100
1123,61,2025-10-20,2025-10-20 13:56:04,300505.SZ,S,21.980,100
1124,61,2025-10-20,2025-10-20 13:55:48,002487.SZ,B,45.160,100
1125,61,2025-10-20,2025-10-20 13:55:46,600844.SH,B,2.990,100
1126,58,2025-10-20,2025-10-20 13:55:46,688711.SH,B,25.280,201
1127,63,2025-10-20,2025-10-20 13:55:44,601963.SH,S,10.340,600
1128,63,2025-10-20,2025-10-20 13:55:36,603030.SH,S,3.460,100
1129,58,2025-10-20,2025-10-20 13:55:35,300486.SZ,B,20.310,100
1130,58,2025-10-20,2025-10-20 13:55:29,003010.SZ,S,44.000,100
1131,61,2025-10-20,2025-10-20 13:55:29,300199.SZ,B,21.240,100
1132,59,2025-10-20,2025-10-20 13:55:28,600509.SH,S,8.440,300
1133,59,2025-10-20,2025-10-20 13:55:28,600509.SH,S,8.440,100
1134,61,2025-10-20,2025-10-20 13:55:28,600509.SH,S,8.440,500
1135,61,2025-10-20,2025-10-20 13:55:23,000681.SZ,B,21.980,100
1136,61,2025-10-20,2025-10-20 13:55:20,300867.SZ,S,20.190,200
1137,61,2025-10-20,2025-10-20 13:55:20,688711.SH,B,25.280,556
1138,61,2025-10-20,2025-10-20 13:55:19,002875.SZ,S,18.600,200
1139,63,2025-10-20,2025-10-20 13:55:17,002723.SZ,S,7.840,200
1140,63,2025-10-20,2025-10-20 13:55:17,002723.SZ,S,7.840,300
1141,58,2025-10-20,2025-10-20 13:55:15,601015.SH,S,4.110,400
1142,59,2025-10-20,2025-10-20 13:55:15,601015.SH,S,4.110,100
1143,61,2025-10-20,2025-10-20 13:55:15,601015.SH,S,4.110,400
1144,52,2025-10-20,2025-10-20 13:55:07,601015.SH,S,4.110,100
1145,59,2025-10-20,2025-10-20 13:55:11,300005.SZ,S,8.260,100
1146,61,2025-10-20,2025-10-20 13:55:11,300005.SZ,S,8.260,100
1147,61,2025-10-20,2025-10-20 13:55:10,003010.SZ,S,44.040,100
1148,52,2025-10-20,2025-10-20 13:53:11,002765.SZ,B,13.580,100
1149,52,2025-10-20,2025-10-20 13:55:05,300867.SZ,S,20.190,100
1150,58,2025-10-20,2025-10-20 13:55:01,002733.SZ,B,19.840,100
1151,52,2025-10-20,2025-10-20 13:52:34,002733.SZ,B,19.840,100
1152,63,2025-10-20,2025-10-20 13:54:43,603222.SH,S,10.430,800
1153,52,2025-10-20,2025-10-20 13:54:14,300003.SZ,B,17.770,100
1154,58,2025-10-20,2025-10-20 13:54:39,002121.SZ,S,8.420,100
1155,63,2025-10-20,2025-10-20 13:54:39,688249.SH,B,35.560,354
1156,63,2025-10-20,2025-10-20 13:54:39,688249.SH,B,35.560,185
1157,61,2025-10-20,2025-10-20 13:54:33,002487.SZ,B,45.180,100
1158,61,2025-10-20,2025-10-20 13:54:32,300390.SZ,B,23.580,100
1159,59,2025-10-20,2025-10-20 13:54:25,603077.SH,S,2.120,2600
1160,61,2025-10-20,2025-10-20 13:54:24,603077.SH,S,2.120,4100
1161,61,2025-10-20,2025-10-20 13:54:23,000751.SZ,S,3.870,800
1162,58,2025-10-20,2025-10-20 13:54:20,603077.SH,S,2.120,2400
1163,52,2025-10-20,2025-10-20 13:46:17,603077.SH,S,2.120,5000
1164,52,2025-10-20,2025-10-20 13:54:01,601229.SH,S,9.620,100
1165,52,2025-10-20,2025-10-20 13:53:58,300199.SZ,B,21.260,100
1166,59,2025-10-20,2025-10-20 13:54:11,301307.SZ,B,30.340,100
1167,58,2025-10-20,2025-10-20 13:54:11,603330.SH,S,7.650,100
1168,52,2025-10-20,2025-10-20 13:53:55,688599.SH,B,18.190,287
1169,52,2025-10-20,2025-10-20 13:53:52,600031.SH,B,22.510,100
1170,58,2025-10-20,2025-10-20 13:53:54,301307.SZ,B,30.330,200
1171,63,2025-10-20,2025-10-20 13:53:42,002255.SZ,S,8.610,200
1172,63,2025-10-20,2025-10-20 13:53:30,301105.SZ,S,48.700,200
1173,52,2025-10-20,2025-10-20 13:52:16,300565.SZ,S,11.540,100
1174,52,2025-10-20,2025-10-20 13:53:13,600509.SH,S,8.450,300
1175,52,2025-10-20,2025-10-20 13:53:09,000899.SZ,B,10.320,100
1176,52,2025-10-20,2025-10-20 13:53:10,002715.SZ,B,22.230,100
1177,52,2025-10-20,2025-10-20 13:52:34,688403.SH,B,15.880,210
1178,63,2025-10-20,2025-10-20 13:53:06,601615.SH,B,14.990,300
1179,52,2025-10-20,2025-10-20 13:52:42,002579.SZ,B,11.340,100
1180,52,2025-10-20,2025-10-20 13:52:34,601688.SH,B,21.670,100
1181,63,2025-10-20,2025-10-20 13:52:37,000063.SZ,B,48.940,100
1182,58,2025-10-20,2025-10-20 13:52:37,600391.SH,B,26.910,100
1183,52,2025-10-20,2025-10-20 13:52:15,002213.SZ,B,19.870,100
1184,52,2025-10-20,2025-10-20 13:50:51,000050.SZ,B,9.140,100
1185,58,2025-10-20,2025-10-20 13:52:26,300199.SZ,B,21.230,100
1186,58,2025-10-20,2025-10-20 13:52:20,688403.SH,B,15.870,171
1187,58,2025-10-20,2025-10-20 13:52:20,688403.SH,B,15.870,29
1188,63,2025-10-20,2025-10-20 13:52:16,688189.SH,S,8.170,400
1189,52,2025-10-20,2025-10-20 13:52:07,605098.SH,S,40.360,100
1190,52,2025-10-20,2025-10-20 13:52:00,688249.SH,B,35.540,36
1191,58,2025-10-20,2025-10-20 13:52:06,300619.SZ,B,37.180,100
1192,58,2025-10-20,2025-10-20 13:52:05,300619.SZ,B,37.180,100
1193,63,2025-10-20,2025-10-20 13:52:00,000889.SZ,S,3.950,400
1194,52,2025-10-20,2025-10-20 13:52:00,688249.SH,B,35.540,203
1195,58,2025-10-20,2025-10-20 13:52:00,002487.SZ,B,45.120,200
1196,52,2025-10-20,2025-10-20 13:51:54,300911.SZ,B,42.450,100
1197,63,2025-10-20,2025-10-20 13:51:52,603037.SH,S,14.130,400
1198,52,2025-10-20,2025-10-20 13:51:51,600958.SH,B,11.200,100
1199,52,2025-10-20,2025-10-20 13:51:49,300642.SZ,B,27.410,100
1200,52,2025-10-20,2025-10-20 13:51:49,002392.SZ,S,8.750,200
1201,52,2025-10-20,2025-10-20 13:47:04,603848.SH,B,21.860,100
1202,58,2025-10-20,2025-10-20 13:51:35,002911.SZ,B,12.420,100
1203,52,2025-10-20,2025-10-20 13:51:26,605598.SH,B,30.280,100
1204,52,2025-10-20,2025-10-20 13:51:28,300290.SZ,B,21.860,100
1205,52,2025-10-20,2025-10-20 13:51:28,000703.SZ,B,6.390,100
1206,63,2025-10-20,2025-10-20 13:51:27,002625.SZ,B,45.810,200
1207,52,2025-10-20,2025-10-20 13:51:15,002182.SZ,B,13.770,100
1208,61,2025-10-20,2025-10-20 13:51:19,002246.SZ,B,19.350,300
1209,52,2025-10-20,2025-10-20 13:51:19,000426.SZ,B,31.220,100
1210,59,2025-10-20,2025-10-20 13:51:17,002246.SZ,B,19.350,100
1211,58,2025-10-20,2025-10-20 13:51:16,688711.SH,B,25.360,200
1212,52,2025-10-20,2025-10-20 13:51:15,002625.SZ,B,45.800,100
1213,52,2025-10-20,2025-10-20 13:51:15,002307.SZ,B,4.860,100
1214,59,2025-10-20,2025-10-20 13:51:14,002222.SZ,B,43.810,100
1215,61,2025-10-20,2025-10-20 13:51:14,603185.SH,B,21.690,300
1216,58,2025-10-20,2025-10-20 13:51:02,605098.SH,S,40.380,200
1217,59,2025-10-20,2025-10-20 13:51:02,605098.SH,S,40.370,100
1218,58,2025-10-20,2025-10-20 13:51:01,002875.SZ,S,18.570,100
1219,61,2025-10-20,2025-10-20 13:51:02,605098.SH,S,40.370,400
1220,61,2025-10-20,2025-10-20 13:51:00,600684.SH,B,5.520,100
1221,52,2025-10-20,2025-10-20 13:50:58,300619.SZ,B,37.200,100
1222,58,2025-10-20,2025-10-20 13:50:43,600103.SH,S,3.670,600
1223,52,2025-10-20,2025-10-20 13:50:20,000600.SZ,B,9.110,100
1224,52,2025-10-20,2025-10-20 13:50:22,002911.SZ,B,12.420,100
1225,61,2025-10-20,2025-10-20 13:50:20,600846.SH,S,14.250,100
1226,52,2025-10-20,2025-10-20 13:50:15,300390.SZ,B,23.560,100
1227,61,2025-10-20,2025-10-20 13:50:10,300950.SZ,S,35.330,100
1228,59,2025-10-20,2025-10-20 13:50:09,002562.SZ,S,7.170,100
1229,61,2025-10-20,2025-10-20 13:50:09,002562.SZ,S,7.170,300
1230,52,2025-10-20,2025-10-20 13:49:36,002562.SZ,S,7.170,100
1231,58,2025-10-20,2025-10-20 13:49:54,002842.SZ,S,10.250,200
1232,63,2025-10-20,2025-10-20 13:49:52,600031.SH,B,22.490,200
1233,63,2025-10-20,2025-10-20 13:49:50,600031.SH,B,22.490,100
1234,63,2025-10-20,2025-10-20 13:49:49,600031.SH,B,22.490,100
1235,63,2025-10-20,2025-10-20 13:49:48,600031.SH,B,22.490,100
1236,63,2025-10-20,2025-10-20 13:49:47,600031.SH,B,22.490,100
1237,63,2025-10-20,2025-10-20 13:49:47,600031.SH,B,22.490,100
1238,63,2025-10-20,2025-10-20 13:49:47,002532.SZ,S,11.900,500
1239,63,2025-10-20,2025-10-20 13:49:47,600031.SH,B,22.490,100
1240,52,2025-10-20,2025-10-20 13:49:45,600585.SH,B,23.750,100
1241,58,2025-10-20,2025-10-20 13:49:40,603823.SH,B,15.300,100
1242,63,2025-10-20,2025-10-20 13:49:39,603659.SH,B,26.040,300
1243,52,2025-10-20,2025-10-20 13:49:39,601615.SH,B,14.990,200
1244,52,2025-10-20,2025-10-20 13:49:38,603659.SH,B,26.040,200
1245,52,2025-10-20,2025-10-20 13:49:36,002097.SZ,B,12.320,300
1246,52,2025-10-20,2025-10-20 13:49:35,000807.SZ,B,20.970,100
1247,61,2025-10-20,2025-10-20 13:49:31,000890.SZ,S,4.770,100
1248,52,2025-10-20,2025-10-20 13:49:31,300710.SZ,S,21.570,100
1249,52,2025-10-20,2025-10-20 13:49:28,601899.SH,B,29.860,100
1250,61,2025-10-20,2025-10-20 13:49:30,002487.SZ,B,45.150,100
1251,59,2025-10-20,2025-10-20 13:49:29,000762.SZ,B,23.430,300
1252,59,2025-10-20,2025-10-20 13:49:28,300182.SZ,B,5.940,100
1253,52,2025-10-20,2025-10-20 13:49:27,002046.SZ,B,27.740,100
1254,52,2025-10-20,2025-10-20 13:49:22,600926.SH,B,16.380,100
1255,58,2025-10-20,2025-10-20 13:49:19,300867.SZ,S,20.190,200
1256,61,2025-10-20,2025-10-20 13:49:18,002258.SZ,S,12.080,100
1257,58,2025-10-20,2025-10-20 13:49:18,002636.SZ,S,12.940,100
1258,58,2025-10-20,2025-10-20 13:49:18,002636.SZ,S,12.940,200
1259,61,2025-10-20,2025-10-20 13:49:16,603051.SH,S,21.350,100
1260,58,2025-10-20,2025-10-20 13:49:15,600509.SH,S,8.430,300
1261,58,2025-10-20,2025-10-20 13:49:15,600509.SH,S,8.430,100
1262,52,2025-10-20,2025-10-20 13:49:10,301216.SZ,B,19.210,100
1263,63,2025-10-20,2025-10-20 13:49:09,600676.SH,S,6.470,600
1264,61,2025-10-20,2025-10-20 13:49:05,002701.SZ,S,6.090,100
1265,58,2025-10-20,2025-10-20 13:49:05,002174.SZ,S,11.550,100
1266,61,2025-10-20,2025-10-20 13:49:04,002293.SZ,B,8.710,100
1267,52,2025-10-20,2025-10-20 13:48:57,601968.SH,S,5.190,200
1268,58,2025-10-20,2025-10-20 13:48:56,002506.SZ,S,2.440,900
1269,61,2025-10-20,2025-10-20 13:48:53,603330.SH,S,7.660,100
1270,63,2025-10-20,2025-10-20 13:48:53,603330.SH,S,7.660,200
1271,52,2025-10-20,2025-10-20 13:48:53,300907.SZ,S,32.320,100
1272,52,2025-10-20,2025-10-20 13:48:41,600977.SH,S,13.430,100
1273,59,2025-10-20,2025-10-20 13:48:40,002276.SZ,S,16.750,300
1274,61,2025-10-20,2025-10-20 13:48:40,002276.SZ,S,16.750,100
1275,58,2025-10-20,2025-10-20 13:48:35,002046.SZ,B,27.980,100
1276,59,2025-10-20,2025-10-20 13:48:35,002645.SZ,S,14.750,100
1277,59,2025-10-20,2025-10-20 13:48:35,002645.SZ,S,14.750,200
1278,61,2025-10-20,2025-10-20 13:48:35,002645.SZ,S,14.750,100
1279,61,2025-10-20,2025-10-20 13:48:34,002046.SZ,B,27.980,300
1280,52,2025-10-20,2025-10-20 13:47:45,002340.SZ,B,8.220,300
1281,58,2025-10-20,2025-10-20 13:48:28,603051.SH,S,21.360,100
1282,59,2025-10-20,2025-10-20 13:48:24,002842.SZ,S,10.250,100
1283,61,2025-10-20,2025-10-20 13:48:24,002842.SZ,S,10.250,100
1284,61,2025-10-20,2025-10-20 13:48:24,002842.SZ,S,10.250,100
1285,61,2025-10-20,2025-10-20 13:48:24,002842.SZ,S,10.250,100
1286,52,2025-10-20,2025-10-20 13:48:24,002842.SZ,S,10.240,200
1287,52,2025-10-20,2025-10-20 13:47:39,002532.SZ,B,11.880,100
1288,61,2025-10-20,2025-10-20 13:48:21,002636.SZ,S,12.970,300
1289,52,2025-10-20,2025-10-20 13:48:21,000923.SZ,S,17.880,200
1290,59,2025-10-20,2025-10-20 13:48:20,002636.SZ,S,12.970,100
1291,52,2025-10-20,2025-10-20 13:48:20,002636.SZ,S,12.970,300
1292,61,2025-10-20,2025-10-20 13:48:17,600490.SH,S,8.360,200
1293,58,2025-10-20,2025-10-20 13:48:17,600490.SH,S,8.350,400
1294,58,2025-10-20,2025-10-20 13:48:17,600490.SH,S,8.350,300
1295,58,2025-10-20,2025-10-20 13:48:17,600490.SH,S,8.350,100
1296,58,2025-10-20,2025-10-20 13:48:14,301386.SZ,S,24.850,200
1297,58,2025-10-20,2025-10-20 13:48:14,301386.SZ,S,24.850,100
1298,59,2025-10-20,2025-10-20 13:48:08,600103.SH,S,3.650,200
1299,61,2025-10-20,2025-10-20 13:48:08,600103.SH,S,3.650,700
1300,52,2025-10-20,2025-10-20 13:47:55,000751.SZ,B,3.870,100
1301,58,2025-10-20,2025-10-20 13:48:02,603090.SH,S,48.260,100
1302,52,2025-10-20,2025-10-20 13:47:50,300772.SZ,B,16.950,100
1303,52,2025-10-20,2025-10-20 13:47:54,603308.SH,B,34.000,100
1304,52,2025-10-20,2025-10-20 13:47:54,603026.SH,B,57.900,100
1305,59,2025-10-20,2025-10-20 13:47:53,603185.SH,B,21.730,100
1306,58,2025-10-20,2025-10-20 13:47:53,603185.SH,B,21.730,200
1307,52,2025-10-20,2025-10-20 13:47:52,600988.SH,B,29.020,100
1308,61,2025-10-20,2025-10-20 13:47:52,603125.SH,B,16.520,100
1309,52,2025-10-20,2025-10-20 13:47:52,300533.SZ,B,38.130,100
1310,52,2025-10-20,2025-10-20 13:47:48,002222.SZ,B,43.860,100
1311,52,2025-10-20,2025-10-20 13:47:51,002645.SZ,B,14.740,100
1312,52,2025-10-20,2025-10-20 13:47:49,300773.SZ,B,23.810,100
1313,61,2025-10-20,2025-10-20 13:47:49,002779.SZ,B,126.180,100
1314,52,2025-10-20,2025-10-20 13:47:49,002534.SZ,B,16.230,100
1315,52,2025-10-20,2025-10-20 13:47:49,002487.SZ,B,45.220,200
1316,52,2025-10-20,2025-10-20 13:46:17,000889.SZ,S,3.950,100
1317,52,2025-10-20,2025-10-20 13:47:48,002237.SZ,B,13.780,100
1318,61,2025-10-20,2025-10-20 13:47:47,300710.SZ,S,21.610,400
1319,59,2025-10-20,2025-10-20 13:47:47,300710.SZ,S,21.610,100
1320,52,2025-10-20,2025-10-20 13:47:46,300486.SZ,B,20.290,100
1321,52,2025-10-20,2025-10-20 13:47:46,300138.SZ,B,14.170,100
1322,61,2025-10-20,2025-10-20 13:47:45,000762.SZ,B,23.440,300
1323,52,2025-10-20,2025-10-20 13:47:45,002626.SZ,B,20.900,100
1324,58,2025-10-20,2025-10-20 13:47:45,000762.SZ,B,23.440,600
1325,52,2025-10-20,2025-10-20 13:47:44,000762.SZ,B,23.440,200
1326,52,2025-10-20,2025-10-20 13:47:43,002241.SZ,B,30.610,100
1327,61,2025-10-20,2025-10-20 13:47:41,002121.SZ,S,8.430,200
1328,52,2025-10-20,2025-10-20 13:46:17,002492.SZ,S,7.720,100
1329,61,2025-10-20,2025-10-20 13:47:38,603090.SH,S,48.230,100
1330,52,2025-10-20,2025-10-20 13:47:30,603979.SH,B,62.300,100
1331,52,2025-10-20,2025-10-20 13:47:30,300409.SZ,B,23.010,100
1332,61,2025-10-20,2025-10-20 13:47:19,601118.SH,B,5.540,100
1333,52,2025-10-20,2025-10-20 13:46:49,300897.SZ,B,29.740,100
1334,58,2025-10-20,2025-10-20 13:47:14,002222.SZ,B,43.830,100
1335,52,2025-10-20,2025-10-20 13:47:11,600353.SH,B,16.770,100
1336,52,2025-10-20,2025-10-20 13:46:17,002506.SZ,S,2.440,2000
1337,52,2025-10-20,2025-10-20 13:46:49,002174.SZ,S,11.540,100
1338,52,2025-10-20,2025-10-20 13:46:17,600103.SH,S,3.650,100
1339,61,2025-10-20,2025-10-20 13:46:56,600391.SH,B,26.870,100
1340,59,2025-10-20,2025-10-20 13:46:52,002506.SZ,S,2.440,1100
1341,61,2025-10-20,2025-10-20 13:46:52,002506.SZ,S,2.440,1500
1342,61,2025-10-20,2025-10-20 13:46:50,002174.SZ,S,11.540,100
1343,59,2025-10-20,2025-10-20 13:46:45,301386.SZ,S,24.810,100
1344,61,2025-10-20,2025-10-20 13:46:41,002392.SZ,S,8.740,100
1345,52,2025-10-20,2025-10-20 13:46:17,002164.SZ,B,13.580,100
1346,52,2025-10-20,2025-10-20 13:46:30,600527.SH,S,2.320,300
1347,61,2025-10-20,2025-10-20 13:46:25,600219.SH,B,4.010,100
1348,52,2025-10-20,2025-10-20 13:46:24,002258.SZ,S,12.080,100
1349,61,2025-10-20,2025-10-20 13:46:20,301386.SZ,S,24.810,300
1350,61,2025-10-20,2025-10-20 13:46:20,300486.SZ,B,20.290,100
1351,61,2025-10-20,2025-10-20 13:46:19,600159.SH,S,2.960,900
1352,59,2025-10-20,2025-10-20 13:46:19,600159.SH,S,2.960,300
1353,52,2025-10-20,2025-10-20 13:46:17,600159.SH,S,2.960,200
1354,52,2025-10-20,2025-10-20 13:46:17,301082.SZ,B,18.590,100
1355,52,2025-10-20,2025-10-20 13:46:17,600105.SH,B,13.790,100
1356,52,2025-10-20,2025-10-20 13:46:17,600016.SH,B,4.050,100
1357,52,2025-10-20,2025-10-20 13:46:17,000831.SZ,B,54.780,100
1358,63,2025-10-20,2025-10-20 13:46:15,002625.SZ,B,45.750,200
1359,61,2025-10-20,2025-10-20 13:43:32,603308.SH,B,34.000,100
1360,58,2025-10-20,2025-10-20 13:43:30,600022.SH,S,1.620,100
1361,63,2025-10-20,2025-10-20 13:43:30,601868.SH,B,2.460,100
1362,61,2025-10-20,2025-10-20 13:43:30,000056.SZ,S,2.310,100
1363,61,2025-10-20,2025-10-20 13:43:30,600169.SH,S,2.610,100
1364,63,2025-10-20,2025-10-20 13:43:30,000056.SZ,B,2.320,100
1365,58,2025-10-20,2025-10-20 13:43:16,600509.SH,B,8.430,500
1366,63,2025-10-20,2025-10-20 13:43:12,002638.SZ,B,2.670,100
1367,52,2025-10-20,2025-10-20 13:43:09,002392.SZ,B,8.740,500
1368,58,2025-10-20,2025-10-20 13:43:08,002390.SZ,S,3.820,100
1369,58,2025-10-20,2025-10-20 13:43:08,601619.SH,S,4.490,100
1370,61,2025-10-20,2025-10-20 13:43:08,600266.SH,S,5.270,100
1371,63,2025-10-20,2025-10-20 13:43:05,601908.SH,S,4.170,700
1372,63,2025-10-20,2025-10-20 13:43:04,002426.SZ,B,3.200,100
1373,58,2025-10-20,2025-10-20 13:43:02,002246.SZ,B,19.320,400
1374,61,2025-10-20,2025-10-20 13:43:00,002662.SZ,S,3.710,100
1375,61,2025-10-20,2025-10-20 13:42:58,000717.SZ,S,2.740,100
1376,52,2025-10-20,2025-10-20 13:42:56,601992.SH,S,1.730,100
1377,52,2025-10-20,2025-10-20 13:42:56,002323.SZ,S,1.700,100
1378,63,2025-10-20,2025-10-20 13:42:56,601992.SH,S,1.730,2737
1379,63,2025-10-20,2025-10-20 13:42:56,601992.SH,S,1.730,700
1380,63,2025-10-20,2025-10-20 13:42:56,601992.SH,S,1.730,700
1381,61,2025-10-20,2025-10-20 13:42:56,000718.SZ,S,2.640,100
1382,61,2025-10-20,2025-10-20 13:42:56,600844.SH,S,2.990,100
1383,63,2025-10-20,2025-10-20 13:42:56,601992.SH,S,1.730,5063
1384,61,2025-10-20,2025-10-20 13:42:56,002172.SZ,S,4.100,100
1385,58,2025-10-20,2025-10-20 13:42:45,002021.SZ,S,2.850,100
1386,59,2025-10-20,2025-10-20 13:42:51,300619.SZ,B,37.260,200
1387,61,2025-10-20,2025-10-20 13:42:50,000639.SZ,B,3.070,100
1388,63,2025-10-20,2025-10-20 13:42:40,601998.SH,S,7.740,100
1389,63,2025-10-20,2025-10-20 13:42:36,000725.SZ,B,4.000,100
1390,61,2025-10-20,2025-10-20 13:42:33,002787.SZ,S,9.430,100
1391,61,2025-10-20,2025-10-20 13:42:30,300168.SZ,B,6.770,100
1392,61,2025-10-20,2025-10-20 13:42:16,000751.SZ,B,3.860,100
1393,61,2025-10-20,2025-10-20 13:42:16,000751.SZ,B,3.860,100
1394,61,2025-10-20,2025-10-20 13:42:16,000751.SZ,B,3.860,400
1395,61,2025-10-20,2025-10-20 13:42:16,000751.SZ,B,3.860,400
1396,61,2025-10-20,2025-10-20 13:42:16,000751.SZ,B,3.860,100
1397,61,2025-10-20,2025-10-20 13:42:16,000751.SZ,B,3.860,100
1398,61,2025-10-20,2025-10-20 13:42:16,000751.SZ,B,3.860,100
1399,61,2025-10-20,2025-10-20 13:42:16,000751.SZ,B,3.860,300
1400,61,2025-10-20,2025-10-20 13:42:16,000751.SZ,B,3.860,400
1401,61,2025-10-20,2025-10-20 13:42:15,600509.SH,B,8.420,600
1402,61,2025-10-20,2025-10-20 13:42:15,600509.SH,B,8.420,900
1403,63,2025-10-20,2025-10-20 13:41:59,601816.SH,B,5.170,100
1404,61,2025-10-20,2025-10-20 13:41:50,300457.SZ,B,30.140,100
1405,61,2025-10-20,2025-10-20 13:41:41,301397.SZ,S,36.210,100
1406,61,2025-10-20,2025-10-20 13:41:29,600470.SH,S,6.380,100
1407,52,2025-10-20,2025-10-20 13:41:28,301386.SZ,S,24.780,400
1408,63,2025-10-20,2025-10-20 13:41:25,002636.SZ,S,12.950,200
1409,63,2025-10-20,2025-10-20 13:41:25,002636.SZ,S,12.950,100
1410,58,2025-10-20,2025-10-20 13:41:21,301386.SZ,S,24.780,500
1411,58,2025-10-20,2025-10-20 13:41:17,301386.SZ,S,24.780,200
1412,63,2025-10-20,2025-10-20 13:41:11,600887.SH,B,27.460,200
1413,63,2025-10-20,2025-10-20 13:41:11,600887.SH,B,27.460,100
1414,61,2025-10-20,2025-10-20 13:41:02,003010.SZ,S,44.130,100
1415,52,2025-10-20,2025-10-20 13:40:59,603051.SH,S,21.370,100
1416,58,2025-10-20,2025-10-20 13:40:50,002506.SZ,B,2.440,2600
1417,58,2025-10-20,2025-10-20 13:40:44,301386.SZ,S,24.790,100
1418,58,2025-10-20,2025-10-20 13:40:44,301386.SZ,S,24.790,100
1419,61,2025-10-20,2025-10-20 13:40:37,603336.SH,S,9.570,600
1420,61,2025-10-20,2025-10-20 13:40:21,600239.SH,S,2.530,100
1421,61,2025-10-20,2025-10-20 13:39:56,300772.SZ,B,16.860,200
1422,61,2025-10-20,2025-10-20 13:39:52,002312.SZ,S,10.460,100
1423,58,2025-10-20,2025-10-20 13:39:37,002645.SZ,B,14.730,300
1424,63,2025-10-20,2025-10-20 13:39:27,600028.SH,B,5.450,100
1425,61,2025-10-20,2025-10-20 13:39:25,002276.SZ,B,16.760,300
1426,52,2025-10-20,2025-10-20 13:39:21,002701.SZ,S,6.070,600
1427,52,2025-10-20,2025-10-20 13:39:21,002701.SZ,S,6.070,200
1428,61,2025-10-20,2025-10-20 13:39:14,300511.SZ,S,6.640,100
1429,59,2025-10-20,2025-10-20 13:39:13,601900.SH,S,13.260,100
1430,52,2025-10-20,2025-10-20 13:38:55,600641.SH,S,20.310,100
1431,61,2025-10-20,2025-10-20 13:38:44,300079.SZ,B,5.580,100
1432,61,2025-10-20,2025-10-20 13:38:40,002021.SZ,S,2.860,100
1433,52,2025-10-20,2025-10-20 13:38:32,000703.SZ,S,6.380,100
1434,61,2025-10-20,2025-10-20 13:38:32,002293.SZ,S,8.720,100
1435,63,2025-10-20,2025-10-20 13:38:25,002545.SZ,S,14.040,400
1436,61,2025-10-20,2025-10-20 13:38:19,002701.SZ,S,6.070,600
1437,61,2025-10-20,2025-10-20 13:38:19,601618.SH,S,3.690,100
1438,59,2025-10-20,2025-10-20 13:38:18,002701.SZ,S,6.070,1000
1439,52,2025-10-20,2025-10-20 13:35:50,603336.SH,S,9.600,500
1440,63,2025-10-20,2025-10-20 13:38:13,601390.SH,B,5.610,100
1441,61,2025-10-20,2025-10-20 13:38:12,002617.SZ,S,8.340,100
1442,63,2025-10-20,2025-10-20 13:38:11,003816.SZ,B,3.970,100
1443,61,2025-10-20,2025-10-20 13:38:11,002246.SZ,B,19.330,200
1444,61,2025-10-20,2025-10-20 13:38:01,600846.SH,S,14.290,300
1445,59,2025-10-20,2025-10-20 13:38:01,600846.SH,S,14.290,100
1446,61,2025-10-20,2025-10-20 13:38:01,000630.SZ,S,5.260,100
1447,63,2025-10-20,2025-10-20 13:37:56,601166.SH,B,20.280,100
1448,63,2025-10-20,2025-10-20 13:37:50,000058.SZ,B,10.090,100
1449,52,2025-10-20,2025-10-20 13:37:40,600509.SH,B,8.440,1200
1450,59,2025-10-20,2025-10-20 13:37:37,600509.SH,B,8.440,700
1451,61,2025-10-20,2025-10-20 13:37:36,603077.SH,B,2.120,2787
1452,61,2025-10-20,2025-10-20 13:37:36,603077.SH,B,2.120,6413
1453,61,2025-10-20,2025-10-20 13:37:23,300772.SZ,B,16.930,200
1454,52,2025-10-20,2025-10-20 13:37:16,601229.SH,S,9.580,100
1455,63,2025-10-20,2025-10-20 13:37:11,601618.SH,B,3.690,100
1456,58,2025-10-20,2025-10-20 13:37:10,002121.SZ,S,8.460,200
1457,59,2025-10-20,2025-10-20 13:37:05,300182.SZ,S,5.950,300
1458,59,2025-10-20,2025-10-20 13:37:04,002046.SZ,B,27.300,200
1459,63,2025-10-20,2025-10-20 13:37:02,002121.SZ,S,8.450,700
1460,63,2025-10-20,2025-10-20 13:37:02,000957.SZ,B,12.270,100
1461,58,2025-10-20,2025-10-20 13:36:55,002911.SZ,B,12.410,100
1462,58,2025-10-20,2025-10-20 13:36:53,300006.SZ,S,4.590,100
1463,61,2025-10-20,2025-10-20 13:36:38,600691.SH,S,2.900,100
1464,61,2025-10-20,2025-10-20 13:36:32,600425.SH,S,4.620,100
1465,61,2025-10-20,2025-10-20 13:36:27,002842.SZ,S,10.240,200
1466,59,2025-10-20,2025-10-20 13:36:27,002842.SZ,S,10.240,100
1467,52,2025-10-20,2025-10-20 13:36:26,002842.SZ,S,10.240,100
1468,58,2025-10-20,2025-10-20 13:36:20,002046.SZ,B,27.210,100
1469,61,2025-10-20,2025-10-20 13:35:58,000957.SZ,S,12.260,100
1470,52,2025-10-20,2025-10-20 13:31:16,000751.SZ,S,3.870,100
1471,52,2025-10-20,2025-10-20 13:31:16,601619.SH,S,4.490,500
1472,61,2025-10-20,2025-10-20 13:35:52,603308.SH,B,34.120,100
1473,61,2025-10-20,2025-10-20 13:35:52,603308.SH,B,34.120,200
1474,63,2025-10-20,2025-10-20 13:35:38,601319.SH,B,8.560,100
1475,61,2025-10-20,2025-10-20 13:35:36,603823.SH,B,15.330,100
1476,61,2025-10-20,2025-10-20 13:35:35,601003.SH,B,5.190,100
1477,63,2025-10-20,2025-10-20 13:35:32,603725.SH,B,10.340,100
1478,52,2025-10-20,2025-10-20 13:35:24,002701.SZ,S,6.070,1300
1479,61,2025-10-20,2025-10-20 13:35:23,300005.SZ,B,8.260,100
1480,61,2025-10-20,2025-10-20 13:35:21,000681.SZ,S,22.010,100
1481,52,2025-10-20,2025-10-20 13:33:54,002121.SZ,S,8.460,200
1482,59,2025-10-20,2025-10-20 13:35:18,600684.SH,S,5.470,200
1483,61,2025-10-20,2025-10-20 13:35:03,601975.SH,S,3.250,100
1484,59,2025-10-20,2025-10-20 13:34:59,300772.SZ,B,16.900,500
1485,63,2025-10-20,2025-10-20 13:34:59,601018.SH,B,3.820,100
1486,61,2025-10-20,2025-10-20 13:34:58,600259.SH,B,56.620,100
1487,59,2025-10-20,2025-10-20 13:34:58,301386.SZ,S,24.770,200
1488,59,2025-10-20,2025-10-20 13:34:58,002645.SZ,B,14.710,500
1489,59,2025-10-20,2025-10-20 13:34:58,301386.SZ,S,24.770,300
1490,61,2025-10-20,2025-10-20 13:34:58,000829.SZ,B,9.770,100
1491,61,2025-10-20,2025-10-20 13:34:55,603588.SH,S,7.520,200
1492,61,2025-10-20,2025-10-20 13:34:55,603051.SH,S,21.310,100
1493,59,2025-10-20,2025-10-20 13:34:55,603051.SH,S,21.310,100
1494,59,2025-10-20,2025-10-20 13:34:55,603588.SH,S,7.520,1000
1495,59,2025-10-20,2025-10-20 13:34:55,002392.SZ,S,8.690,300
1496,52,2025-10-20,2025-10-20 13:34:23,603588.SH,S,7.520,400
1497,52,2025-10-20,2025-10-20 13:34:25,300201.SZ,S,5.290,100
1498,61,2025-10-20,2025-10-20 13:34:52,601118.SH,S,5.570,100
1499,58,2025-10-20,2025-10-20 13:34:47,002276.SZ,B,16.690,400
1500,61,2025-10-20,2025-10-20 13:34:47,600391.SH,B,26.850,100
1501,61,2025-10-20,2025-10-20 13:34:45,603051.SH,S,21.310,100
1502,59,2025-10-20,2025-10-20 13:34:40,002276.SZ,B,16.710,500
1503,63,2025-10-20,2025-10-20 13:34:40,002487.SZ,B,45.170,100
1504,61,2025-10-20,2025-10-20 13:34:40,002276.SZ,B,16.710,200
1505,63,2025-10-20,2025-10-20 13:34:36,002276.SZ,B,16.710,100
1506,59,2025-10-20,2025-10-20 13:34:34,002911.SZ,B,12.390,200
1507,61,2025-10-20,2025-10-20 13:34:34,002911.SZ,B,12.390,200
1508,59,2025-10-20,2025-10-20 13:34:25,600641.SH,S,20.210,200
1509,52,2025-10-20,2025-10-20 13:34:25,600222.SH,S,6.440,100
1510,61,2025-10-20,2025-10-20 13:34:25,600641.SH,S,20.210,200
1511,58,2025-10-20,2025-10-20 13:34:24,002787.SZ,S,9.430,100
1512,61,2025-10-20,2025-10-20 13:34:23,002492.SZ,S,7.710,100
1513,52,2025-10-20,2025-10-20 13:34:21,002212.SZ,S,9.300,100
1514,61,2025-10-20,2025-10-20 13:34:20,301386.SZ,S,24.760,200
1515,61,2025-10-20,2025-10-20 13:34:20,301386.SZ,S,24.760,700
1516,61,2025-10-20,2025-10-20 13:34:20,600721.SH,S,9.020,100
1517,61,2025-10-20,2025-10-20 13:34:20,301386.SZ,S,24.760,400
1518,58,2025-10-20,2025-10-20 13:34:17,301386.SZ,S,24.770,200
1519,63,2025-10-20,2025-10-20 13:34:17,600919.SH,B,10.830,100
1520,63,2025-10-20,2025-10-20 13:34:16,002266.SZ,B,4.210,100
1521,52,2025-10-20,2025-10-20 13:33:54,600016.SH,S,4.050,100
1522,63,2025-10-20,2025-10-20 13:34:14,601898.SH,B,13.350,300
1523,63,2025-10-20,2025-10-20 13:34:14,601898.SH,B,13.350,100
1524,58,2025-10-20,2025-10-20 13:34:13,600846.SH,S,14.310,200
1525,52,2025-10-20,2025-10-20 13:34:12,600846.SH,S,14.310,100
1526,58,2025-10-20,2025-10-20 13:34:07,603051.SH,S,21.310,200
1527,61,2025-10-20,2025-10-20 13:34:07,002174.SZ,S,11.360,100
1528,58,2025-10-20,2025-10-20 13:34:04,003010.SZ,S,44.050,100
1529,52,2025-10-20,2025-10-20 13:34:04,003010.SZ,S,44.050,100
1530,63,2025-10-20,2025-10-20 13:34:00,600887.SH,B,27.460,300
1531,58,2025-10-20,2025-10-20 13:33:50,600509.SH,B,8.420,800
1532,63,2025-10-20,2025-10-20 13:33:33,002436.SZ,B,19.410,100
1533,61,2025-10-20,2025-10-20 13:33:29,605168.SH,S,29.470,100
1534,59,2025-10-20,2025-10-20 13:33:06,300296.SZ,S,6.540,100
1535,58,2025-10-20,2025-10-20 13:33:02,002392.SZ,B,8.680,400
1536,61,2025-10-20,2025-10-20 13:33:02,002392.SZ,B,8.680,400
1537,59,2025-10-20,2025-10-20 13:32:59,603077.SH,B,2.110,5000
1538,61,2025-10-20,2025-10-20 13:32:53,300772.SZ,B,16.910,200
1539,58,2025-10-20,2025-10-20 13:32:48,603077.SH,B,2.110,6700
1540,61,2025-10-20,2025-10-20 13:32:47,002645.SZ,B,14.730,500
1541,58,2025-10-20,2025-10-20 13:32:47,300772.SZ,B,16.910,400
1542,59,2025-10-20,2025-10-20 13:32:47,300486.SZ,B,20.270,200
1543,63,2025-10-20,2025-10-20 13:32:47,002415.SZ,B,32.130,300
1544,59,2025-10-20,2025-10-20 13:32:45,002534.SZ,S,16.280,200
1545,61,2025-10-20,2025-10-20 13:32:45,600595.SH,S,6.180,100
1546,52,2025-10-20,2025-10-20 13:32:45,002392.SZ,B,8.690,700
1547,52,2025-10-20,2025-10-20 13:32:07,600481.SH,S,6.410,100
1548,58,2025-10-20,2025-10-20 13:32:41,603077.SH,B,2.110,200
1549,61,2025-10-20,2025-10-20 13:32:34,002202.SZ,S,14.480,500
1550,63,2025-10-20,2025-10-20 13:32:34,002202.SZ,S,14.480,400
1551,58,2025-10-20,2025-10-20 13:32:34,002202.SZ,S,14.480,500
1552,59,2025-10-20,2025-10-20 13:32:34,002202.SZ,S,14.480,200
1553,52,2025-10-20,2025-10-20 13:32:33,002202.SZ,S,14.480,100
1554,52,2025-10-20,2025-10-20 13:31:16,603077.SH,B,2.110,5500
1555,61,2025-10-20,2025-10-20 13:32:24,000892.SZ,S,5.810,100
1556,59,2025-10-20,2025-10-20 13:32:21,603336.SH,S,9.650,500
1557,61,2025-10-20,2025-10-20 13:32:21,603336.SH,S,9.650,800
1558,63,2025-10-20,2025-10-20 13:32:21,603336.SH,S,9.650,300
1559,58,2025-10-20,2025-10-20 13:32:20,603336.SH,S,9.650,1200
1560,52,2025-10-20,2025-10-20 13:31:16,603077.SH,B,2.110,700
1561,52,2025-10-20,2025-10-20 13:31:16,603077.SH,B,2.110,2700
1562,63,2025-10-20,2025-10-20 13:32:18,603659.SH,B,26.060,200
1563,58,2025-10-20,2025-10-20 13:32:13,002842.SZ,S,10.230,200
1564,61,2025-10-20,2025-10-20 13:32:12,300110.SZ,B,3.270,100
1565,63,2025-10-20,2025-10-20 13:32:10,600337.SH,S,2.230,900
1566,63,2025-10-20,2025-10-20 13:32:10,002121.SZ,S,8.450,600
1567,61,2025-10-20,2025-10-20 13:32:10,002121.SZ,S,8.450,200
1568,59,2025-10-20,2025-10-20 13:32:10,002121.SZ,S,8.450,100
1569,63,2025-10-20,2025-10-20 13:32:08,002562.SZ,S,7.160,100
1570,61,2025-10-20,2025-10-20 13:32:08,002390.SZ,S,3.820,100
1571,63,2025-10-20,2025-10-20 13:32:07,002562.SZ,S,7.160,300
1572,58,2025-10-20,2025-10-20 13:32:07,002662.SZ,S,3.710,100
1573,52,2025-10-20,2025-10-20 13:32:00,002562.SZ,S,7.160,100
1574,63,2025-10-20,2025-10-20 13:32:07,002636.SZ,S,12.940,800
1575,61,2025-10-20,2025-10-20 13:32:04,605598.SH,B,30.220,100
1576,58,2025-10-20,2025-10-20 13:31:59,300055.SZ,S,7.120,100
1577,61,2025-10-20,2025-10-20 13:31:59,300055.SZ,S,7.120,100
1578,61,2025-10-20,2025-10-20 13:31:57,002534.SZ,S,16.280,100
1579,59,2025-10-20,2025-10-20 13:31:55,002146.SZ,S,1.570,100
1580,58,2025-10-20,2025-10-20 13:31:36,002129.SZ,S,8.890,100
1581,61,2025-10-20,2025-10-20 13:31:28,600490.SH,S,8.330,100
1582,63,2025-10-20,2025-10-20 13:31:28,600490.SH,S,8.330,500
1583,61,2025-10-20,2025-10-20 13:31:22,600675.SH,S,2.930,100
1584,59,2025-10-20,2025-10-20 13:31:20,300507.SZ,S,9.510,200
1585,61,2025-10-20,2025-10-20 13:31:19,002506.SZ,B,2.440,3400
1586,63,2025-10-20,2025-10-20 13:31:17,002241.SZ,B,30.520,300
1587,52,2025-10-20,2025-10-20 13:31:16,002506.SZ,B,2.440,2500
1588,61,2025-10-20,2025-10-20 13:31:16,300469.SZ,S,72.230,100
1589,59,2025-10-20,2025-10-20 13:31:15,002506.SZ,B,2.440,1100
1590,59,2025-10-20,2025-10-20 13:31:15,002506.SZ,B,2.440,700
1591,58,2025-10-20,2025-10-20 13:28:30,600022.SH,B,1.630,100
1592,63,2025-10-20,2025-10-20 13:28:30,601868.SH,B,2.460,100
1593,61,2025-10-20,2025-10-20 13:28:22,600489.SH,B,23.870,100
1594,52,2025-10-20,2025-10-20 13:28:17,600641.SH,B,20.220,200
1595,52,2025-10-20,2025-10-20 13:28:16,002701.SZ,B,6.090,600
1596,52,2025-10-20,2025-10-20 13:28:13,002701.SZ,B,6.090,900
1597,61,2025-10-20,2025-10-20 13:28:13,688599.SH,B,18.070,206
1598,58,2025-10-20,2025-10-20 13:28:10,002390.SZ,B,3.830,100
1599,61,2025-10-20,2025-10-20 13:28:09,000926.SZ,S,2.530,100
1600,59,2025-10-20,2025-10-20 13:28:08,300182.SZ,B,5.960,300
1601,63,2025-10-20,2025-10-20 13:28:08,002202.SZ,S,14.420,300
1602,61,2025-10-20,2025-10-20 13:28:08,002148.SZ,B,9.280,100
1603,61,2025-10-20,2025-10-20 13:28:08,600266.SH,B,5.280,100
1604,59,2025-10-20,2025-10-20 13:28:07,002307.SZ,S,4.850,100
1605,58,2025-10-20,2025-10-20 13:28:05,600996.SH,S,9.880,500
1606,63,2025-10-20,2025-10-20 13:28:05,601916.SH,B,3.060,100
1607,61,2025-10-20,2025-10-20 13:28:04,002237.SZ,B,13.820,200
1608,63,2025-10-20,2025-10-20 13:28:00,600150.SH,S,34.910,200
1609,61,2025-10-20,2025-10-20 13:28:00,600996.SH,S,9.840,600
1610,52,2025-10-20,2025-10-20 13:27:57,000718.SZ,S,2.640,100
1611,61,2025-10-20,2025-10-20 13:27:56,300005.SZ,S,8.260,100
1612,59,2025-10-20,2025-10-20 13:27:46,002390.SZ,S,3.820,100
1613,61,2025-10-20,2025-10-20 13:27:46,000639.SZ,S,3.060,100
1614,61,2025-10-20,2025-10-20 13:27:42,601018.SH,S,3.820,100
1615,59,2025-10-20,2025-10-20 13:27:33,600641.SH,B,20.230,100
1616,59,2025-10-20,2025-10-20 13:27:32,600641.SH,B,20.230,200
1617,52,2025-10-20,2025-10-20 13:26:55,600641.SH,B,20.250,100
1618,52,2025-10-20,2025-10-20 13:26:55,600641.SH,B,20.250,100
1619,59,2025-10-20,2025-10-20 13:27:00,603617.SH,S,7.550,100
1620,59,2025-10-20,2025-10-20 13:26:59,600706.SH,S,10.050,100
1621,61,2025-10-20,2025-10-20 13:26:50,300533.SZ,B,38.000,100
1622,59,2025-10-20,2025-10-20 13:26:38,002536.SZ,S,22.600,100
1623,58,2025-10-20,2025-10-20 13:26:37,301043.SZ,S,45.290,100
1624,61,2025-10-20,2025-10-20 13:26:31,002269.SZ,S,2.310,100
1625,61,2025-10-20,2025-10-20 13:26:20,300118.SZ,B,10.220,400
1626,61,2025-10-20,2025-10-20 13:26:20,600641.SH,B,20.260,500
1627,59,2025-10-20,2025-10-20 13:26:19,300475.SZ,S,97.010,100
1628,61,2025-10-20,2025-10-20 13:26:19,300475.SZ,S,97.010,100
1629,61,2025-10-20,2025-10-20 13:26:14,300475.SZ,S,96.850,100
1630,58,2025-10-20,2025-10-20 13:26:05,002506.SZ,B,2.440,100
1631,61,2025-10-20,2025-10-20 13:25:41,002272.SZ,B,15.720,100
1632,59,2025-10-20,2025-10-20 13:25:27,002677.SZ,S,7.100,100
1633,63,2025-10-20,2025-10-20 13:25:20,000425.SZ,B,11.020,200
1634,63,2025-10-20,2025-10-20 13:25:20,000975.SZ,B,23.040,100
1635,63,2025-10-20,2025-10-20 13:25:17,301386.SZ,S,24.780,100
1636,63,2025-10-20,2025-10-20 13:25:17,301386.SZ,S,24.780,100
1637,63,2025-10-20,2025-10-20 13:25:17,301386.SZ,S,24.780,100
1638,61,2025-10-20,2025-10-20 13:25:10,688599.SH,B,18.020,200
