,fund_id,trade_dt,trade_time,s_info_windcode,direction,price,qty
0,52,2025-09-18,2025-09-18 14:56:46,601107.SH,S,5.560,100
1,52,2025-09-18,2025-09-18 14:55:37,003816.SZ,S,3.680,100
2,58,2025-09-18,2025-09-18 14:56:35,600489.SH,B,18.120,1800
3,58,2025-09-18,2025-09-18 14:56:35,603725.SH,S,10.490,200
4,58,2025-09-18,2025-09-18 14:56:34,603725.SH,S,10.490,400
5,52,2025-09-18,2025-09-18 14:56:32,603725.SH,S,10.490,100
6,61,2025-09-18,2025-09-18 14:56:20,300736.SZ,S,14.210,400
7,61,2025-09-18,2025-09-18 14:56:17,300736.SZ,S,14.220,400
8,59,2025-09-18,2025-09-18 14:56:17,300736.SZ,S,14.220,400
9,52,2025-09-18,2025-09-18 14:56:15,600866.SH,S,7.450,200
10,52,2025-09-18,2025-09-18 14:56:14,002355.SZ,S,6.120,100
11,52,2025-09-18,2025-09-18 14:56:14,002574.SZ,S,5.730,100
12,52,2025-09-18,2025-09-18 14:56:12,000065.SZ,S,11.050,100
13,52,2025-09-18,2025-09-18 14:56:07,601225.SH,S,20.170,100
14,52,2025-09-18,2025-09-18 14:56:01,600941.SH,S,104.930,100
15,52,2025-09-18,2025-09-18 14:56:05,000927.SZ,S,2.790,100
16,52,2025-09-18,2025-09-18 14:55:33,000401.SZ,S,4.920,100
17,59,2025-09-18,2025-09-18 14:56:03,001311.SZ,B,25.390,400
18,52,2025-09-18,2025-09-18 14:56:03,600226.SH,S,4.120,100
19,52,2025-09-18,2025-09-18 14:53:03,600219.SH,S,3.880,100
20,52,2025-09-18,2025-09-18 14:56:01,300009.SZ,S,10.700,100
21,52,2025-09-18,2025-09-18 14:55:59,600020.SH,S,4.310,100
22,52,2025-09-18,2025-09-18 14:54:35,600052.SH,S,5.330,300
23,61,2025-09-18,2025-09-18 14:55:56,002364.SZ,B,29.690,300
24,52,2025-09-18,2025-09-18 14:55:55,000008.SZ,S,2.940,100
25,58,2025-09-18,2025-09-18 14:55:52,603871.SH,S,12.910,500
26,61,2025-09-18,2025-09-18 14:55:42,603328.SH,S,12.270,200
27,61,2025-09-18,2025-09-18 14:55:42,603328.SH,S,12.270,300
28,61,2025-09-18,2025-09-18 14:55:42,603328.SH,S,12.270,100
29,52,2025-09-18,2025-09-18 14:54:07,600880.SH,S,5.010,100
30,52,2025-09-18,2025-09-18 14:55:41,600031.SH,S,20.820,100
31,52,2025-09-18,2025-09-18 14:55:35,601169.SH,S,5.630,100
32,52,2025-09-18,2025-09-18 14:55:34,603103.SH,S,17.340,100
33,52,2025-09-18,2025-09-18 14:55:31,603506.SH,S,14.280,100
34,52,2025-09-18,2025-09-18 14:55:29,600995.SH,S,11.460,100
35,52,2025-09-18,2025-09-18 14:55:25,603766.SH,S,12.650,100
36,61,2025-09-18,2025-09-18 14:55:19,002548.SZ,S,5.010,1500
37,59,2025-09-18,2025-09-18 14:55:19,002548.SZ,S,5.010,600
38,58,2025-09-18,2025-09-18 14:55:14,600489.SH,B,18.120,1800
39,58,2025-09-18,2025-09-18 14:55:05,001311.SZ,B,25.480,600
40,52,2025-09-18,2025-09-18 14:50:10,600433.SH,S,3.400,200
41,52,2025-09-18,2025-09-18 14:54:46,600011.SH,S,7.390,200
42,58,2025-09-18,2025-09-18 14:54:50,301125.SZ,S,22.270,200
43,52,2025-09-18,2025-09-18 14:54:49,301125.SZ,S,22.270,200
44,52,2025-09-18,2025-09-18 14:54:43,600732.SH,S,15.670,100
45,52,2025-09-18,2025-09-18 14:54:45,600986.SH,S,8.490,100
46,58,2025-09-18,2025-09-18 14:54:46,301016.SZ,S,23.080,100
47,52,2025-09-18,2025-09-18 14:54:42,002389.SZ,S,21.110,100
48,58,2025-09-18,2025-09-18 14:54:43,301016.SZ,S,23.080,200
49,52,2025-09-18,2025-09-18 14:54:42,600406.SH,S,22.290,100
50,52,2025-09-18,2025-09-18 14:54:04,000717.SZ,S,2.910,100
51,52,2025-09-18,2025-09-18 14:54:38,301078.SZ,S,11.460,100
52,61,2025-09-18,2025-09-18 14:54:37,300084.SZ,S,8.790,800
53,52,2025-09-18,2025-09-18 14:54:36,300515.SZ,S,20.860,100
54,52,2025-09-18,2025-09-18 14:54:31,600415.SH,S,19.170,100
55,58,2025-09-18,2025-09-18 14:54:29,600728.SH,S,6.990,800
56,52,2025-09-18,2025-09-18 14:54:26,600104.SH,S,18.800,100
57,52,2025-09-18,2025-09-18 14:53:56,603086.SH,S,9.040,100
58,52,2025-09-18,2025-09-18 14:54:20,000933.SZ,S,18.800,100
59,59,2025-09-18,2025-09-18 14:54:19,300084.SZ,S,8.790,300
60,52,2025-09-18,2025-09-18 14:54:19,300682.SZ,S,21.070,100
61,59,2025-09-18,2025-09-18 14:54:17,603039.SH,S,56.590,100
62,52,2025-09-18,2025-09-18 14:54:11,603811.SH,S,13.610,100
63,58,2025-09-18,2025-09-18 14:54:16,603039.SH,S,56.580,100
64,59,2025-09-18,2025-09-18 14:54:16,603328.SH,S,12.270,800
65,52,2025-09-18,2025-09-18 14:54:10,300251.SZ,S,18.650,100
66,52,2025-09-18,2025-09-18 14:54:10,002129.SZ,S,8.160,100
67,52,2025-09-18,2025-09-18 14:54:09,002027.SZ,S,8.080,100
68,52,2025-09-18,2025-09-18 14:54:08,601668.SH,S,5.520,300
69,52,2025-09-18,2025-09-18 14:53:40,002772.SZ,S,10.050,200
70,58,2025-09-18,2025-09-18 14:54:04,002735.SZ,S,15.720,100
71,52,2025-09-18,2025-09-18 14:53:55,002609.SZ,S,9.850,100
72,52,2025-09-18,2025-09-18 14:53:29,605319.SH,S,35.470,100
73,52,2025-09-18,2025-09-18 14:53:45,600846.SH,S,13.270,100
74,52,2025-09-18,2025-09-18 14:52:49,300736.SZ,S,14.270,100
75,52,2025-09-18,2025-09-18 14:50:38,600795.SH,S,5.070,200
76,52,2025-09-18,2025-09-18 14:52:49,300736.SZ,S,14.270,100
77,58,2025-09-18,2025-09-18 14:53:26,002667.SZ,S,11.690,100
78,61,2025-09-18,2025-09-18 14:53:16,300352.SZ,B,6.250,700
79,61,2025-09-18,2025-09-18 14:53:14,001311.SZ,B,25.500,1400
80,52,2025-09-18,2025-09-18 14:53:08,000586.SZ,S,12.990,100
81,59,2025-09-18,2025-09-18 14:53:09,001311.SZ,B,25.520,600
82,52,2025-09-18,2025-09-18 14:53:00,600985.SH,S,12.130,100
83,52,2025-09-18,2025-09-18 14:52:58,300993.SZ,S,16.870,100
84,52,2025-09-18,2025-09-18 14:52:57,601898.SH,S,11.300,100
85,58,2025-09-18,2025-09-18 14:52:56,300736.SZ,S,14.260,1000
86,61,2025-09-18,2025-09-18 14:52:55,600728.SH,S,6.990,1900
87,59,2025-09-18,2025-09-18 14:52:55,600728.SH,S,6.990,800
88,58,2025-09-18,2025-09-18 14:52:50,002335.SZ,B,69.900,200
89,61,2025-09-18,2025-09-18 14:52:50,603367.SH,S,21.350,100
90,52,2025-09-18,2025-09-18 14:52:49,600063.SH,S,5.780,100
91,61,2025-09-18,2025-09-18 14:52:44,301377.SZ,S,83.480,100
92,58,2025-09-18,2025-09-18 14:52:45,601208.SH,S,20.410,400
93,52,2025-09-18,2025-09-18 14:52:42,301377.SZ,S,83.490,100
94,61,2025-09-18,2025-09-18 14:52:43,601208.SH,S,20.400,100
95,61,2025-09-18,2025-09-18 14:52:41,301016.SZ,S,23.120,500
96,52,2025-09-18,2025-09-18 14:52:39,000729.SZ,S,11.870,100
97,52,2025-09-18,2025-09-18 14:51:45,002271.SZ,S,12.610,100
98,58,2025-09-18,2025-09-18 14:52:34,300773.SZ,S,25.880,100
99,52,2025-09-18,2025-09-18 14:52:18,002667.SZ,S,11.680,200
100,52,2025-09-18,2025-09-18 14:46:19,601868.SH,S,2.460,100
101,52,2025-09-18,2025-09-18 14:51:56,601003.SH,S,5.320,200
102,52,2025-09-18,2025-09-18 14:51:00,603032.SH,S,22.190,100
103,59,2025-09-18,2025-09-18 14:52:22,301016.SZ,S,23.120,200
104,61,2025-09-18,2025-09-18 14:52:20,002667.SZ,S,11.670,100
105,52,2025-09-18,2025-09-18 14:52:16,300761.SZ,S,22.710,100
106,52,2025-09-18,2025-09-18 14:51:20,600538.SH,S,5.680,100
107,59,2025-09-18,2025-09-18 14:52:13,001359.SZ,S,52.890,100
108,52,2025-09-18,2025-09-18 14:47:36,601011.SH,S,3.000,100
109,52,2025-09-18,2025-09-18 14:52:12,000708.SZ,S,12.720,100
110,52,2025-09-18,2025-09-18 14:52:12,601319.SH,S,7.810,200
111,61,2025-09-18,2025-09-18 14:52:11,002182.SZ,B,15.670,700
112,52,2025-09-18,2025-09-18 14:46:19,601866.SH,S,2.660,100
113,52,2025-09-18,2025-09-18 14:50:59,603588.SH,S,6.660,100
114,58,2025-09-18,2025-09-18 14:51:58,600601.SH,S,11.700,2700
115,52,2025-09-18,2025-09-18 14:51:57,300188.SZ,S,15.740,100
116,52,2025-09-18,2025-09-18 14:51:38,601901.SH,S,8.150,100
117,52,2025-09-18,2025-09-18 14:50:19,603969.SH,S,10.040,100
118,52,2025-09-18,2025-09-18 14:51:51,002645.SZ,S,14.850,100
119,52,2025-09-18,2025-09-18 14:51:42,600025.SH,S,9.160,100
120,59,2025-09-18,2025-09-18 14:51:32,300352.SZ,B,6.250,1000
121,58,2025-09-18,2025-09-18 14:51:26,002164.SZ,B,14.170,500
122,52,2025-09-18,2025-09-18 14:51:24,002815.SZ,S,16.680,100
123,61,2025-09-18,2025-09-18 14:51:22,603871.SH,S,12.930,400
124,52,2025-09-18,2025-09-18 14:51:18,603871.SH,S,12.940,100
125,59,2025-09-18,2025-09-18 14:51:21,603871.SH,S,12.930,200
126,52,2025-09-18,2025-09-18 14:51:21,603508.SH,S,32.490,100
127,52,2025-09-18,2025-09-18 14:51:19,603903.SH,S,10.580,100
128,52,2025-09-18,2025-09-18 14:51:19,600919.SH,S,10.190,100
129,52,2025-09-18,2025-09-18 14:51:17,002026.SZ,S,13.890,100
130,52,2025-09-18,2025-09-18 14:51:12,600021.SH,S,19.730,100
131,52,2025-09-18,2025-09-18 14:51:12,000603.SZ,S,20.120,100
132,52,2025-09-18,2025-09-18 14:51:12,002317.SZ,S,20.220,100
133,58,2025-09-18,2025-09-18 14:51:05,301016.SZ,S,23.090,300
134,52,2025-09-18,2025-09-18 14:51:04,301016.SZ,S,23.070,100
135,52,2025-09-18,2025-09-18 14:50:58,603758.SH,S,15.630,100
136,52,2025-09-18,2025-09-18 14:50:15,601975.SH,S,3.240,700
137,52,2025-09-18,2025-09-18 14:50:24,600331.SH,S,11.010,100
138,52,2025-09-18,2025-09-18 14:50:09,000039.SZ,S,7.800,100
139,52,2025-09-18,2025-09-18 14:50:41,601872.SH,S,8.660,100
140,58,2025-09-18,2025-09-18 14:50:40,001311.SZ,B,25.450,200
141,58,2025-09-18,2025-09-18 14:50:40,001311.SZ,B,25.450,600
142,52,2025-09-18,2025-09-18 14:50:38,601398.SH,S,7.290,200
143,52,2025-09-18,2025-09-18 14:50:29,601288.SH,S,6.770,200
144,61,2025-09-18,2025-09-18 14:50:29,600833.SH,S,14.450,100
145,52,2025-09-18,2025-09-18 14:50:20,002114.SZ,S,7.540,100
146,52,2025-09-18,2025-09-18 14:50:18,002550.SZ,S,9.710,100
147,52,2025-09-18,2025-09-18 14:50:18,003019.SZ,S,41.910,100
148,61,2025-09-18,2025-09-18 14:50:16,601975.SH,B,3.240,1200
149,58,2025-09-18,2025-09-18 14:50:13,300084.SZ,S,8.790,500
150,52,2025-09-18,2025-09-18 14:50:13,600010.SH,S,2.410,200
151,58,2025-09-18,2025-09-18 14:50:13,300830.SZ,B,11.150,500
152,52,2025-09-18,2025-09-18 14:46:19,600545.SH,S,3.060,100
153,52,2025-09-18,2025-09-18 14:49:42,300289.SZ,S,7.820,100
154,52,2025-09-18,2025-09-18 14:49:54,600737.SH,S,16.680,100
155,61,2025-09-18,2025-09-18 14:50:07,300830.SZ,B,11.160,100
156,61,2025-09-18,2025-09-18 14:50:07,300830.SZ,B,11.160,200
157,61,2025-09-18,2025-09-18 14:50:07,300830.SZ,B,11.160,100
158,61,2025-09-18,2025-09-18 14:50:07,300830.SZ,B,11.160,800
159,58,2025-09-18,2025-09-18 14:50:03,603367.SH,S,21.320,200
160,52,2025-09-18,2025-09-18 14:49:58,603367.SH,S,21.320,100
161,52,2025-09-18,2025-09-18 14:49:54,000932.SZ,S,6.360,100
162,52,2025-09-18,2025-09-18 14:49:56,300586.SZ,S,10.990,100
163,52,2025-09-18,2025-09-18 14:49:55,601899.SH,S,24.350,100
164,52,2025-09-18,2025-09-18 14:49:51,300785.SZ,S,39.590,100
165,52,2025-09-18,2025-09-18 14:47:33,600649.SH,S,4.800,100
166,52,2025-09-18,2025-09-18 14:46:34,600019.SH,S,6.850,100
167,52,2025-09-18,2025-09-18 14:49:48,300416.SZ,S,17.740,100
168,58,2025-09-18,2025-09-18 14:49:47,002182.SZ,B,15.650,700
169,58,2025-09-18,2025-09-18 14:49:44,600728.SH,S,6.970,1400
170,52,2025-09-18,2025-09-18 14:49:31,603520.SH,S,11.890,100
171,52,2025-09-18,2025-09-18 14:49:34,300513.SZ,S,9.140,100
172,58,2025-09-18,2025-09-18 14:49:34,300352.SZ,B,6.240,1000
173,52,2025-09-18,2025-09-18 14:49:28,600239.SH,S,2.620,100
174,61,2025-09-18,2025-09-18 14:49:25,000953.SZ,B,7.370,800
175,52,2025-09-18,2025-09-18 14:48:18,000100.SZ,S,4.410,100
176,61,2025-09-18,2025-09-18 14:49:23,002941.SZ,B,15.880,1200
177,52,2025-09-18,2025-09-18 14:49:18,600549.SH,S,28.610,100
178,52,2025-09-18,2025-09-18 14:48:33,000600.SZ,S,7.160,100
179,61,2025-09-18,2025-09-18 14:49:11,603328.SH,S,12.260,1500
180,61,2025-09-18,2025-09-18 14:49:09,002164.SZ,B,14.080,1200
181,61,2025-09-18,2025-09-18 14:49:09,001311.SZ,B,25.420,1100
182,52,2025-09-18,2025-09-18 14:49:07,600026.SH,S,12.440,100
183,52,2025-09-18,2025-09-18 14:49:06,603328.SH,S,12.260,600
184,52,2025-09-18,2025-09-18 14:46:19,601018.SH,S,3.650,100
185,52,2025-09-18,2025-09-18 14:48:00,300658.SZ,S,8.820,100
186,52,2025-09-18,2025-09-18 14:48:42,002324.SZ,S,14.560,100
187,52,2025-09-18,2025-09-18 14:46:19,600266.SH,S,5.140,100
188,52,2025-09-18,2025-09-18 14:48:43,603112.SH,S,17.650,100
189,52,2025-09-18,2025-09-18 14:48:52,601211.SH,S,18.590,100
190,61,2025-09-18,2025-09-18 14:48:51,600601.SH,S,11.640,1200
191,58,2025-09-18,2025-09-18 14:48:49,002364.SZ,B,29.550,500
192,58,2025-09-18,2025-09-18 14:48:44,603328.SH,S,12.250,400
193,58,2025-09-18,2025-09-18 14:48:44,603328.SH,S,12.250,1900
194,52,2025-09-18,2025-09-18 14:48:40,002706.SZ,S,11.620,100
195,52,2025-09-18,2025-09-18 14:48:37,600983.SH,S,10.620,100
196,52,2025-09-18,2025-09-18 14:46:19,300110.SZ,S,3.390,100
197,52,2025-09-18,2025-09-18 14:48:34,603659.SH,S,26.430,100
198,52,2025-09-18,2025-09-18 14:48:00,002100.SZ,S,7.480,300
199,58,2025-09-18,2025-09-18 14:48:31,002403.SZ,B,15.740,200
200,52,2025-09-18,2025-09-18 14:48:24,002534.SZ,S,14.790,100
201,52,2025-09-18,2025-09-18 14:46:25,600704.SH,S,5.950,100
202,52,2025-09-18,2025-09-18 14:46:40,600490.SH,S,6.070,100
203,52,2025-09-18,2025-09-18 14:46:55,601728.SH,S,6.770,100
204,52,2025-09-18,2025-09-18 14:47:48,603067.SH,S,18.260,100
205,61,2025-09-18,2025-09-18 14:48:10,002364.SZ,B,29.500,900
206,52,2025-09-18,2025-09-18 14:46:19,600973.SH,S,5.180,100
207,61,2025-09-18,2025-09-18 14:48:06,300352.SZ,B,6.240,1800
208,52,2025-09-18,2025-09-18 14:47:23,600958.SH,S,10.390,100
209,52,2025-09-18,2025-09-18 14:47:38,002072.SZ,S,7.820,100
210,52,2025-09-18,2025-09-18 14:47:14,002042.SZ,S,5.500,100
211,52,2025-09-18,2025-09-18 14:48:00,600933.SH,S,21.610,100
212,52,2025-09-18,2025-09-18 14:47:59,600497.SH,S,5.980,100
213,61,2025-09-18,2025-09-18 14:47:58,600601.SH,S,11.590,300
214,58,2025-09-18,2025-09-18 14:47:56,002456.SZ,B,13.410,200
215,61,2025-09-18,2025-09-18 14:47:56,000953.SZ,B,7.340,100
216,52,2025-09-18,2025-09-18 14:46:19,601339.SH,S,5.390,100
217,58,2025-09-18,2025-09-18 14:47:55,301125.SZ,S,22.150,200
218,52,2025-09-18,2025-09-18 14:47:50,000166.SZ,S,5.190,200
219,59,2025-09-18,2025-09-18 14:47:53,601512.SH,S,10.160,100
220,52,2025-09-18,2025-09-18 14:47:53,300243.SZ,S,11.250,100
221,61,2025-09-18,2025-09-18 14:47:51,000953.SZ,B,7.340,300
222,52,2025-09-18,2025-09-18 14:47:49,000727.SZ,S,2.890,300
223,52,2025-09-18,2025-09-18 14:46:19,000838.SZ,S,2.880,100
224,58,2025-09-18,2025-09-18 14:47:45,000953.SZ,B,7.340,700
225,52,2025-09-18,2025-09-18 14:46:18,000725.SZ,S,4.130,200
226,52,2025-09-18,2025-09-18 14:46:19,002206.SZ,S,6.070,100
227,58,2025-09-18,2025-09-18 14:47:41,300809.SZ,B,47.010,200
228,52,2025-09-18,2025-09-18 14:46:54,002565.SZ,S,7.120,300
229,52,2025-09-18,2025-09-18 14:46:42,601766.SH,S,7.470,100
230,52,2025-09-18,2025-09-18 14:47:29,601608.SH,S,5.380,100
231,58,2025-09-18,2025-09-18 14:47:29,002369.SZ,B,9.860,200
232,52,2025-09-18,2025-09-18 14:47:17,600820.SH,S,6.650,100
233,52,2025-09-18,2025-09-18 14:47:16,600369.SH,S,4.780,100
234,52,2025-09-18,2025-09-18 14:46:19,601096.SH,S,4.330,100
235,52,2025-09-18,2025-09-18 14:46:42,002859.SZ,S,32.050,100
236,61,2025-09-18,2025-09-18 14:47:11,601512.SH,S,10.200,200
237,52,2025-09-18,2025-09-18 14:46:51,300088.SZ,S,6.680,100
238,61,2025-09-18,2025-09-18 14:47:09,301125.SZ,S,22.120,200
239,61,2025-09-18,2025-09-18 14:47:09,301125.SZ,S,22.120,100
240,59,2025-09-18,2025-09-18 14:47:09,301125.SZ,S,22.110,100
241,52,2025-09-18,2025-09-18 14:46:35,600733.SH,S,8.110,200
242,52,2025-09-18,2025-09-18 14:47:02,601658.SH,S,6.070,200
243,59,2025-09-18,2025-09-18 14:47:01,002182.SZ,B,15.580,1000
244,52,2025-09-18,2025-09-18 14:47:00,300252.SZ,S,15.370,100
245,61,2025-09-18,2025-09-18 14:47:00,002182.SZ,B,15.580,1800
246,52,2025-09-18,2025-09-18 14:46:33,601212.SH,S,3.650,100
247,52,2025-09-18,2025-09-18 14:46:48,000676.SZ,S,9.960,100
248,52,2025-09-18,2025-09-18 14:46:51,300232.SZ,S,8.220,100
249,52,2025-09-18,2025-09-18 14:46:54,300304.SZ,S,14.760,100
250,58,2025-09-18,2025-09-18 14:46:52,300403.SZ,B,17.010,200
251,52,2025-09-18,2025-09-18 14:46:48,601512.SH,S,10.190,100
252,58,2025-09-18,2025-09-18 14:46:46,002548.SZ,S,4.990,1600
253,52,2025-09-18,2025-09-18 14:46:19,002548.SZ,S,4.990,300
254,52,2025-09-18,2025-09-18 14:46:44,300872.SZ,S,23.780,100
255,52,2025-09-18,2025-09-18 14:46:42,000425.SZ,S,9.920,100
256,58,2025-09-18,2025-09-18 14:46:41,600397.SH,B,7.140,200
257,61,2025-09-18,2025-09-18 14:46:40,002738.SZ,S,41.960,200
258,52,2025-09-18,2025-09-18 14:46:39,002532.SZ,S,10.790,100
259,52,2025-09-18,2025-09-18 14:46:33,002523.SZ,S,3.790,100
260,52,2025-09-18,2025-09-18 14:46:19,002314.SZ,S,3.060,100
261,52,2025-09-18,2025-09-18 14:46:37,000767.SZ,S,3.110,100
262,52,2025-09-18,2025-09-18 14:46:19,300296.SZ,S,7.210,100
263,52,2025-09-18,2025-09-18 14:46:18,000973.SZ,S,7.460,100
264,58,2025-09-18,2025-09-18 14:46:33,002738.SZ,S,41.960,100
265,52,2025-09-18,2025-09-18 14:46:21,002121.SZ,S,7.680,100
266,52,2025-09-18,2025-09-18 14:46:18,000965.SZ,S,4.310,100
267,52,2025-09-18,2025-09-18 14:46:32,600967.SH,S,18.920,100
268,52,2025-09-18,2025-09-18 14:46:31,600076.SH,S,2.910,100
269,52,2025-09-18,2025-09-18 14:46:31,601998.SH,S,7.460,100
270,52,2025-09-18,2025-09-18 14:46:30,002392.SZ,S,9.820,100
271,52,2025-09-18,2025-09-18 14:46:19,002225.SZ,S,5.840,100
272,52,2025-09-18,2025-09-18 14:46:29,002323.SZ,S,2.000,100
273,52,2025-09-18,2025-09-18 14:46:29,601555.SH,S,9.350,100
274,52,2025-09-18,2025-09-18 14:46:24,000630.SZ,S,4.370,100
275,52,2025-09-18,2025-09-18 14:46:25,300762.SZ,S,24.390,100
276,52,2025-09-18,2025-09-18 14:46:18,000980.SZ,S,3.570,200
277,52,2025-09-18,2025-09-18 14:46:25,603633.SH,S,12.170,100
278,52,2025-09-18,2025-09-18 14:46:25,601311.SH,S,10.890,100
279,52,2025-09-18,2025-09-18 14:46:19,300094.SZ,S,3.800,100
280,52,2025-09-18,2025-09-18 14:46:18,000783.SZ,S,7.980,100
281,52,2025-09-18,2025-09-18 14:46:24,300340.SZ,S,13.950,100
282,61,2025-09-18,2025-09-18 14:46:24,600601.SH,S,11.600,300
283,58,2025-09-18,2025-09-18 14:46:23,300084.SZ,S,8.720,400
284,58,2025-09-18,2025-09-18 14:46:22,603068.SH,B,42.710,200
285,52,2025-09-18,2025-09-18 14:46:19,002511.SZ,S,8.340,100
286,52,2025-09-18,2025-09-18 14:46:19,300068.SZ,S,19.110,100
287,52,2025-09-18,2025-09-18 14:46:19,601588.SH,S,2.090,100
288,52,2025-09-18,2025-09-18 14:46:19,600016.SH,S,4.020,200
289,52,2025-09-18,2025-09-18 14:46:19,600728.SH,S,6.960,500
290,52,2025-09-18,2025-09-18 14:46:19,601818.SH,S,3.470,400
291,52,2025-09-18,2025-09-18 14:46:19,002212.SZ,S,9.930,100
292,52,2025-09-18,2025-09-18 14:46:19,600808.SH,S,3.540,100
293,52,2025-09-18,2025-09-18 14:46:19,002938.SZ,S,54.680,100
294,52,2025-09-18,2025-09-18 14:46:19,603269.SH,S,13.410,200
295,52,2025-09-18,2025-09-18 14:46:19,300648.SZ,S,47.750,100
296,52,2025-09-18,2025-09-18 14:46:18,000960.SZ,S,20.500,200
297,61,2025-09-18,2025-09-18 14:46:18,603725.SH,S,10.490,500
298,59,2025-09-18,2025-09-18 14:46:18,603725.SH,S,10.490,200
299,58,2025-09-18,2025-09-18 14:46:16,300258.SZ,B,16.440,200
300,61,2025-09-18,2025-09-18 14:46:16,603269.SH,S,13.430,800
301,59,2025-09-18,2025-09-18 14:46:16,603269.SH,S,13.430,300
302,58,2025-09-18,2025-09-18 14:46:15,603269.SH,S,13.410,700
303,61,2025-09-18,2025-09-18 14:46:14,300773.SZ,S,25.880,200
304,61,2025-09-18,2025-09-18 14:43:26,300432.SZ,S,15.680,200
305,59,2025-09-18,2025-09-18 14:42:31,002292.SZ,B,9.320,1700
306,58,2025-09-18,2025-09-18 14:41:58,600489.SH,B,17.930,700
307,61,2025-09-18,2025-09-18 14:41:28,002548.SZ,S,4.960,2300
308,61,2025-09-18,2025-09-18 14:41:28,002548.SZ,S,4.960,500
309,61,2025-09-18,2025-09-18 14:41:26,002548.SZ,S,4.960,1400
310,61,2025-09-18,2025-09-18 14:41:26,002548.SZ,S,4.960,100
311,59,2025-09-18,2025-09-18 14:41:25,002548.SZ,S,4.960,100
312,59,2025-09-18,2025-09-18 14:41:25,002548.SZ,S,4.960,1200
313,59,2025-09-18,2025-09-18 14:41:25,002548.SZ,S,4.960,1000
314,59,2025-09-18,2025-09-18 14:41:25,002548.SZ,S,4.960,100
315,61,2025-09-18,2025-09-18 14:41:24,002548.SZ,S,4.970,200
316,61,2025-09-18,2025-09-18 14:41:22,002548.SZ,S,4.970,1500
317,52,2025-09-18,2025-09-18 14:40:54,002323.SZ,B,2.000,100
318,52,2025-09-18,2025-09-18 14:31:17,002062.SZ,B,11.310,100
319,61,2025-09-18,2025-09-18 14:40:40,002292.SZ,B,9.340,8400
320,52,2025-09-18,2025-09-18 14:39:30,601898.SH,B,11.260,100
321,58,2025-09-18,2025-09-18 14:37:15,002548.SZ,S,4.980,251
322,58,2025-09-18,2025-09-18 14:37:14,002548.SZ,S,4.980,2000
323,58,2025-09-18,2025-09-18 14:37:05,600601.SH,S,11.600,500
324,59,2025-09-18,2025-09-18 14:36:57,600601.SH,S,11.600,100
325,61,2025-09-18,2025-09-18 14:36:57,600601.SH,S,11.600,600
326,58,2025-09-18,2025-09-18 14:36:53,002548.SZ,S,4.980,1000
327,52,2025-09-18,2025-09-18 14:36:26,605319.SH,B,35.120,100
328,58,2025-09-18,2025-09-18 14:36:46,002548.SZ,S,4.980,500
329,58,2025-09-18,2025-09-18 14:36:38,002548.SZ,S,4.980,949
330,52,2025-09-18,2025-09-18 14:36:11,000887.SZ,B,24.810,100
331,52,2025-09-18,2025-09-18 14:31:18,300256.SZ,B,4.580,100
332,52,2025-09-18,2025-09-18 14:35:52,300015.SZ,B,12.550,100
333,52,2025-09-18,2025-09-18 14:35:46,000538.SZ,S,58.340,100
334,61,2025-09-18,2025-09-18 14:35:41,300432.SZ,S,15.840,200
335,52,2025-09-18,2025-09-18 14:35:37,002735.SZ,S,15.720,200
336,59,2025-09-18,2025-09-18 14:34:46,300790.SZ,S,34.460,100
337,58,2025-09-18,2025-09-18 14:34:35,002735.SZ,S,15.740,300
338,61,2025-09-18,2025-09-18 14:34:20,600737.SH,S,16.640,100
339,58,2025-09-18,2025-09-18 14:34:08,002941.SZ,B,15.860,400
340,52,2025-09-18,2025-09-18 14:33:55,300830.SZ,B,11.130,100
341,59,2025-09-18,2025-09-18 14:33:46,600433.SH,S,3.400,100
342,59,2025-09-18,2025-09-18 14:33:45,002565.SZ,S,7.250,100
343,58,2025-09-18,2025-09-18 14:33:33,600577.SH,S,8.570,100
344,61,2025-09-18,2025-09-18 14:33:29,600433.SH,S,3.400,300
345,61,2025-09-18,2025-09-18 14:33:28,688660.SH,S,19.420,383
346,52,2025-09-18,2025-09-18 14:33:27,600433.SH,S,3.400,300
347,58,2025-09-18,2025-09-18 14:33:20,002657.SZ,S,34.530,100
348,58,2025-09-18,2025-09-18 14:33:15,002389.SZ,S,21.130,100
349,61,2025-09-18,2025-09-18 14:33:16,605058.SH,S,30.030,100
350,61,2025-09-18,2025-09-18 14:33:15,603613.SH,S,30.770,100
351,52,2025-09-18,2025-09-18 14:31:44,002506.SZ,B,2.720,300
352,59,2025-09-18,2025-09-18 14:32:49,002735.SZ,S,15.760,100
353,52,2025-09-18,2025-09-18 14:32:25,002520.SZ,B,7.210,100
354,59,2025-09-18,2025-09-18 14:32:44,300918.SZ,S,24.140,100
355,58,2025-09-18,2025-09-18 14:32:44,300918.SZ,S,24.130,100
356,61,2025-09-18,2025-09-18 14:32:44,300918.SZ,S,24.140,100
357,52,2025-09-18,2025-09-18 14:31:51,000838.SZ,B,2.890,100
358,61,2025-09-18,2025-09-18 14:32:10,002965.SZ,S,46.250,100
359,52,2025-09-18,2025-09-18 14:31:50,002239.SZ,B,3.420,100
360,59,2025-09-18,2025-09-18 14:31:47,002292.SZ,B,9.420,1500
361,59,2025-09-18,2025-09-18 14:31:45,300432.SZ,S,15.870,400
362,58,2025-09-18,2025-09-18 14:31:45,300432.SZ,S,15.860,100
363,61,2025-09-18,2025-09-18 14:31:45,300432.SZ,S,15.870,600
364,52,2025-09-18,2025-09-18 14:31:43,600671.SH,B,18.130,100
365,52,2025-09-18,2025-09-18 14:31:42,300432.SZ,S,15.870,200
366,52,2025-09-18,2025-09-18 14:31:40,000776.SZ,B,20.320,100
367,52,2025-09-18,2025-09-18 14:31:40,000026.SZ,B,17.300,100
368,52,2025-09-18,2025-09-18 14:31:17,000725.SZ,S,4.130,800
369,52,2025-09-18,2025-09-18 14:31:35,603596.SH,B,52.740,100
370,52,2025-09-18,2025-09-18 14:31:35,600050.SH,B,5.490,200
371,52,2025-09-18,2025-09-18 14:31:35,600839.SH,B,11.190,100
372,52,2025-09-18,2025-09-18 14:31:17,002548.SZ,S,5.010,1700
373,58,2025-09-18,2025-09-18 14:31:32,300258.SZ,B,16.520,400
374,58,2025-09-18,2025-09-18 14:31:32,002292.SZ,B,9.420,800
375,61,2025-09-18,2025-09-18 14:31:31,002292.SZ,B,9.420,300
376,58,2025-09-18,2025-09-18 14:31:30,002548.SZ,S,5.010,2100
377,61,2025-09-18,2025-09-18 14:31:30,002292.SZ,B,9.420,200
378,61,2025-09-18,2025-09-18 14:31:27,002292.SZ,B,9.420,1500
379,61,2025-09-18,2025-09-18 14:31:27,002292.SZ,B,9.420,300
380,61,2025-09-18,2025-09-18 14:31:25,002292.SZ,B,9.420,600
381,61,2025-09-18,2025-09-18 14:31:24,002292.SZ,B,9.420,200
382,61,2025-09-18,2025-09-18 14:31:23,002292.SZ,B,9.420,1000
383,61,2025-09-18,2025-09-18 14:31:23,002292.SZ,B,9.420,1800
384,61,2025-09-18,2025-09-18 14:31:22,002292.SZ,B,9.420,1400
385,61,2025-09-18,2025-09-18 14:31:22,002292.SZ,B,9.420,100
386,58,2025-09-18,2025-09-18 14:31:19,300084.SZ,S,8.750,100
387,52,2025-09-18,2025-09-18 14:31:17,300084.SZ,S,8.740,100
388,52,2025-09-18,2025-09-18 14:31:17,002265.SZ,B,30.770,100
389,52,2025-09-18,2025-09-18 14:31:17,000753.SZ,B,7.300,100
390,58,2025-09-18,2025-09-18 14:31:15,002506.SZ,B,2.720,100
391,58,2025-09-18,2025-09-18 14:31:15,002506.SZ,B,2.720,1500
392,58,2025-09-18,2025-09-18 14:31:14,600433.SH,S,3.400,300
393,61,2025-09-18,2025-09-18 14:28:41,300252.SZ,S,15.420,200
394,61,2025-09-18,2025-09-18 14:28:41,300252.SZ,S,15.420,200
395,61,2025-09-18,2025-09-18 14:28:41,300252.SZ,S,15.420,400
396,59,2025-09-18,2025-09-18 14:28:40,300252.SZ,S,15.420,500
397,61,2025-09-18,2025-09-18 14:28:20,300736.SZ,S,14.170,400
398,61,2025-09-18,2025-09-18 14:28:20,300736.SZ,S,14.170,500
399,61,2025-09-18,2025-09-18 14:28:19,002426.SZ,B,3.850,2500
400,58,2025-09-18,2025-09-18 14:27:55,300432.SZ,B,15.860,900
401,52,2025-09-18,2025-09-18 14:25:45,002421.SZ,B,3.620,900
402,52,2025-09-18,2025-09-18 14:26:03,002421.SZ,B,3.620,1600
403,58,2025-09-18,2025-09-18 14:27:51,002421.SZ,B,3.620,2100
404,58,2025-09-18,2025-09-18 14:27:51,002421.SZ,B,3.620,1800
405,58,2025-09-18,2025-09-18 14:27:51,002421.SZ,B,3.620,1400
406,58,2025-09-18,2025-09-18 14:27:51,002421.SZ,B,3.620,900
407,61,2025-09-18,2025-09-18 14:27:43,600489.SH,S,18.080,200
408,59,2025-09-18,2025-09-18 14:27:23,002498.SZ,S,3.640,100
409,52,2025-09-18,2025-09-18 14:27:17,300197.SZ,S,2.490,300
410,61,2025-09-18,2025-09-18 14:27:04,605058.SH,S,30.100,300
411,61,2025-09-18,2025-09-18 14:26:48,002456.SZ,B,13.520,1400
412,58,2025-09-18,2025-09-18 14:26:16,600721.SH,B,9.940,900
413,61,2025-09-18,2025-09-18 14:26:15,002456.SZ,B,13.510,100
414,61,2025-09-18,2025-09-18 14:26:14,002456.SZ,B,13.510,300
415,61,2025-09-18,2025-09-18 14:26:14,002456.SZ,B,13.510,100
416,61,2025-09-18,2025-09-18 14:26:14,002456.SZ,B,13.510,800
417,61,2025-09-18,2025-09-18 14:26:14,002456.SZ,B,13.510,500
418,58,2025-09-18,2025-09-18 14:26:13,300432.SZ,B,15.890,500
419,58,2025-09-18,2025-09-18 14:26:14,300432.SZ,B,15.880,1100
420,58,2025-09-18,2025-09-18 14:26:13,300432.SZ,B,15.880,100
421,58,2025-09-18,2025-09-18 14:26:10,002886.SZ,B,23.990,300
422,61,2025-09-18,2025-09-18 14:26:10,300736.SZ,S,14.210,600
423,58,2025-09-18,2025-09-18 14:25:42,300736.SZ,S,14.180,500
424,58,2025-09-18,2025-09-18 14:25:41,300736.SZ,S,14.180,600
425,58,2025-09-18,2025-09-18 14:25:41,300736.SZ,S,14.180,300
426,61,2025-09-18,2025-09-18 14:25:26,002456.SZ,B,13.510,500
427,58,2025-09-18,2025-09-18 14:25:26,002456.SZ,B,13.510,3400
428,59,2025-09-18,2025-09-18 14:25:24,002456.SZ,B,13.510,1900
429,61,2025-09-18,2025-09-18 14:25:24,002456.SZ,B,13.510,2200
430,52,2025-09-18,2025-09-18 14:25:15,002456.SZ,B,13.510,600
431,59,2025-09-18,2025-09-18 14:25:10,300158.SZ,S,7.600,800
432,61,2025-09-18,2025-09-18 14:25:10,300158.SZ,S,7.600,1800
433,52,2025-09-18,2025-09-18 14:25:00,000975.SZ,B,20.220,200
434,58,2025-09-18,2025-09-18 14:24:41,603328.SH,S,12.220,100
435,58,2025-09-18,2025-09-18 14:24:41,603328.SH,S,12.220,100
436,58,2025-09-18,2025-09-18 14:24:41,603328.SH,S,12.220,1000
437,58,2025-09-18,2025-09-18 14:24:41,300252.SZ,S,15.490,500
438,52,2025-09-18,2025-09-18 14:22:44,002421.SZ,B,3.630,900
439,52,2025-09-18,2025-09-18 14:24:40,300252.SZ,S,15.490,300
440,58,2025-09-18,2025-09-18 14:24:41,002421.SZ,B,3.630,2200
441,58,2025-09-18,2025-09-18 14:24:41,002421.SZ,B,3.630,900
442,59,2025-09-18,2025-09-18 14:24:39,605058.SH,S,30.140,200
443,52,2025-09-18,2025-09-18 14:24:35,605577.SH,S,14.290,100
444,58,2025-09-18,2025-09-18 14:24:32,300158.SZ,S,7.590,1900
445,61,2025-09-18,2025-09-18 14:24:24,605577.SH,S,14.290,700
446,58,2025-09-18,2025-09-18 14:24:23,605577.SH,S,14.290,1400
447,61,2025-09-18,2025-09-18 14:24:19,600292.SH,S,12.810,600
448,58,2025-09-18,2025-09-18 14:24:17,002657.SZ,S,34.660,100
449,52,2025-09-18,2025-09-18 14:24:16,002657.SZ,S,34.660,100
450,61,2025-09-18,2025-09-18 14:24:12,603681.SH,S,16.940,300
451,52,2025-09-18,2025-09-18 14:24:11,603871.SH,S,12.990,200
452,59,2025-09-18,2025-09-18 14:24:06,603328.SH,S,12.250,600
453,61,2025-09-18,2025-09-18 14:24:06,603328.SH,S,12.250,200
454,61,2025-09-18,2025-09-18 14:24:02,603328.SH,S,12.250,200
455,61,2025-09-18,2025-09-18 14:24:00,603328.SH,S,12.250,1000
456,61,2025-09-18,2025-09-18 14:23:58,601975.SH,B,3.240,200
457,58,2025-09-18,2025-09-18 14:23:57,605058.SH,S,30.190,100
458,58,2025-09-18,2025-09-18 14:23:55,605058.SH,S,30.190,100
459,58,2025-09-18,2025-09-18 14:23:55,605058.SH,S,30.190,100
460,59,2025-09-18,2025-09-18 14:23:52,002735.SZ,S,15.790,200
461,52,2025-09-18,2025-09-18 14:23:51,000833.SZ,S,14.220,100
462,52,2025-09-18,2025-09-18 14:23:50,603328.SH,S,12.240,500
463,58,2025-09-18,2025-09-18 14:23:50,603871.SH,S,13.000,600
464,58,2025-09-18,2025-09-18 14:23:50,603871.SH,S,13.000,100
465,58,2025-09-18,2025-09-18 14:23:50,002741.SZ,S,22.720,500
466,52,2025-09-18,2025-09-18 14:23:49,002741.SZ,S,22.720,100
467,59,2025-09-18,2025-09-18 14:23:46,300432.SZ,B,15.940,172
468,59,2025-09-18,2025-09-18 14:23:46,300432.SZ,B,15.940,428
469,61,2025-09-18,2025-09-18 14:23:46,300432.SZ,B,15.940,2000
470,58,2025-09-18,2025-09-18 14:23:45,603993.SH,B,12.450,1400
471,58,2025-09-18,2025-09-18 14:23:43,605058.SH,S,30.230,100
472,61,2025-09-18,2025-09-18 14:23:44,603993.SH,B,12.460,400
473,58,2025-09-18,2025-09-18 14:23:26,600819.SH,B,6.980,800
474,58,2025-09-18,2025-09-18 14:23:26,605058.SH,S,30.230,400
475,52,2025-09-18,2025-09-18 14:23:18,000936.SZ,S,7.910,300
476,59,2025-09-18,2025-09-18 14:23:17,000826.SZ,S,2.290,1500
477,61,2025-09-18,2025-09-18 14:23:17,000826.SZ,S,2.290,3800
478,58,2025-09-18,2025-09-18 14:23:15,603698.SH,S,19.400,400
479,61,2025-09-18,2025-09-18 14:23:15,603698.SH,S,19.400,900
480,58,2025-09-18,2025-09-18 14:23:10,603328.SH,S,12.260,400
481,61,2025-09-18,2025-09-18 14:23:10,688660.SH,B,19.460,376
482,58,2025-09-18,2025-09-18 14:23:10,603633.SH,S,12.260,500
483,58,2025-09-18,2025-09-18 14:23:07,603950.SH,S,36.470,200
484,58,2025-09-18,2025-09-18 14:23:06,603633.SH,S,12.260,100
485,58,2025-09-18,2025-09-18 14:23:05,605058.SH,S,30.230,200
486,52,2025-09-18,2025-09-18 14:22:45,603993.SH,B,12.450,600
487,59,2025-09-18,2025-09-18 14:23:06,300736.SZ,S,14.280,600
488,61,2025-09-18,2025-09-18 14:23:04,000901.SZ,S,16.060,100
489,59,2025-09-18,2025-09-18 14:23:01,603019.SH,B,109.990,100
490,61,2025-09-18,2025-09-18 14:23:01,300337.SZ,B,10.710,200
491,59,2025-09-18,2025-09-18 14:22:56,603698.SH,S,19.430,100
492,59,2025-09-18,2025-09-18 14:22:56,603698.SH,S,19.430,100
493,59,2025-09-18,2025-09-18 14:22:56,603698.SH,S,19.430,100
494,59,2025-09-18,2025-09-18 14:22:56,603698.SH,S,19.430,100
495,61,2025-09-18,2025-09-18 14:22:55,600721.SH,B,9.980,600
496,58,2025-09-18,2025-09-18 14:22:53,002426.SZ,B,3.850,5000
497,61,2025-09-18,2025-09-18 14:22:48,002941.SZ,B,15.960,200
498,59,2025-09-18,2025-09-18 14:22:44,600721.SH,B,9.970,800
499,52,2025-09-18,2025-09-18 14:22:42,300432.SZ,B,15.930,800
500,58,2025-09-18,2025-09-18 14:22:41,603698.SH,S,19.410,100
501,58,2025-09-18,2025-09-18 14:22:41,603698.SH,S,19.410,100
502,52,2025-09-18,2025-09-18 14:21:43,605058.SH,S,30.290,100
503,58,2025-09-18,2025-09-18 14:22:39,688660.SH,B,19.450,299
504,52,2025-09-18,2025-09-18 14:21:45,605058.SH,S,30.230,100
505,61,2025-09-18,2025-09-18 14:22:35,605577.SH,S,14.290,500
506,59,2025-09-18,2025-09-18 14:22:34,605577.SH,S,14.290,500
507,58,2025-09-18,2025-09-18 14:22:32,000026.SZ,B,17.310,500
508,58,2025-09-18,2025-09-18 14:22:31,300432.SZ,B,15.920,300
509,58,2025-09-18,2025-09-18 14:22:33,603035.SH,B,16.770,100
510,58,2025-09-18,2025-09-18 14:22:31,605058.SH,S,30.220,200
511,52,2025-09-18,2025-09-18 14:21:45,605058.SH,S,30.230,100
512,58,2025-09-18,2025-09-18 14:22:28,603019.SH,B,109.900,100
513,61,2025-09-18,2025-09-18 14:22:26,600721.SH,B,9.960,1600
514,58,2025-09-18,2025-09-18 14:22:22,002403.SZ,B,15.860,300
515,58,2025-09-18,2025-09-18 14:22:20,300432.SZ,B,15.910,200
516,52,2025-09-18,2025-09-18 14:22:19,300432.SZ,B,15.910,300
517,52,2025-09-18,2025-09-18 14:20:54,603698.SH,S,19.400,400
518,61,2025-09-18,2025-09-18 14:22:05,603871.SH,S,13.000,500
519,61,2025-09-18,2025-09-18 14:22:05,603871.SH,S,13.000,100
520,52,2025-09-18,2025-09-18 14:22:05,002735.SZ,S,15.810,100
521,59,2025-09-18,2025-09-18 14:22:04,603871.SH,S,13.000,300
522,52,2025-09-18,2025-09-18 14:20:12,002421.SZ,B,3.630,1500
523,58,2025-09-18,2025-09-18 14:21:51,002239.SZ,B,3.430,1200
524,59,2025-09-18,2025-09-18 14:21:51,002239.SZ,B,3.430,600
525,61,2025-09-18,2025-09-18 14:21:51,002239.SZ,B,3.430,1700
526,58,2025-09-18,2025-09-18 14:21:47,002256.SZ,S,3.280,1300
527,61,2025-09-18,2025-09-18 14:21:46,605058.SH,S,30.220,300
528,61,2025-09-18,2025-09-18 14:21:46,605058.SH,S,30.220,100
529,61,2025-09-18,2025-09-18 14:21:46,605058.SH,S,30.230,100
530,58,2025-09-18,2025-09-18 14:21:44,603950.SH,S,36.550,100
531,52,2025-09-18,2025-09-18 14:21:26,300276.SZ,B,11.470,400
532,61,2025-09-18,2025-09-18 14:21:11,603633.SH,S,12.240,1300
533,59,2025-09-18,2025-09-18 14:21:11,603633.SH,S,12.240,500
534,61,2025-09-18,2025-09-18 14:21:09,603035.SH,B,16.750,200
535,59,2025-09-18,2025-09-18 14:21:07,600721.SH,B,9.970,800
536,61,2025-09-18,2025-09-18 14:21:07,600721.SH,B,9.970,200
537,61,2025-09-18,2025-09-18 14:21:03,600721.SH,B,9.970,200
538,61,2025-09-18,2025-09-18 14:21:00,600721.SH,B,9.970,100
539,61,2025-09-18,2025-09-18 14:21:00,600721.SH,B,9.970,100
540,61,2025-09-18,2025-09-18 14:21:00,600721.SH,B,9.970,200
541,61,2025-09-18,2025-09-18 14:20:53,300399.SZ,B,29.100,100
542,61,2025-09-18,2025-09-18 14:20:52,600721.SH,B,9.970,400
543,52,2025-09-18,2025-09-18 14:20:42,002456.SZ,B,13.520,1100
544,58,2025-09-18,2025-09-18 14:20:44,300830.SZ,B,11.210,100
545,61,2025-09-18,2025-09-18 14:20:42,600721.SH,B,9.970,200
546,61,2025-09-18,2025-09-18 14:20:39,600721.SH,B,9.970,100
547,61,2025-09-18,2025-09-18 14:20:39,600721.SH,B,9.970,100
548,61,2025-09-18,2025-09-18 14:20:38,300586.SZ,S,11.020,200
549,59,2025-09-18,2025-09-18 14:20:36,300586.SZ,S,11.020,100
550,61,2025-09-18,2025-09-18 14:20:36,300586.SZ,S,11.020,300
551,61,2025-09-18,2025-09-18 14:20:34,600721.SH,B,9.970,900
552,61,2025-09-18,2025-09-18 14:20:34,600721.SH,B,9.970,100
553,61,2025-09-18,2025-09-18 14:20:34,600721.SH,B,9.970,200
554,58,2025-09-18,2025-09-18 14:20:30,600819.SH,B,6.980,100
555,58,2025-09-18,2025-09-18 14:20:30,600819.SH,B,6.980,100
556,59,2025-09-18,2025-09-18 14:20:30,300586.SZ,S,11.020,100
557,61,2025-09-18,2025-09-18 14:20:30,600737.SH,S,16.690,100
558,61,2025-09-18,2025-09-18 14:20:29,600489.SH,S,18.100,400
559,58,2025-09-18,2025-09-18 14:20:28,600721.SH,B,9.960,2200
560,52,2025-09-18,2025-09-18 14:20:27,600721.SH,B,9.960,1200
561,58,2025-09-18,2025-09-18 14:20:27,600819.SH,B,6.980,100
562,58,2025-09-18,2025-09-18 14:20:27,600819.SH,B,6.980,100
563,58,2025-09-18,2025-09-18 14:20:27,600819.SH,B,6.980,200
564,58,2025-09-18,2025-09-18 14:20:27,600819.SH,B,6.980,100
565,58,2025-09-18,2025-09-18 14:20:25,600819.SH,B,6.980,100
566,58,2025-09-18,2025-09-18 14:20:24,600819.SH,B,6.980,200
567,58,2025-09-18,2025-09-18 14:20:24,600819.SH,B,6.980,100
568,58,2025-09-18,2025-09-18 14:20:24,600819.SH,B,6.980,100
569,58,2025-09-18,2025-09-18 14:20:24,600819.SH,B,6.980,100
570,58,2025-09-18,2025-09-18 14:20:22,603681.SH,S,16.980,700
571,52,2025-09-18,2025-09-18 14:20:21,603681.SH,S,16.980,100
572,52,2025-09-18,2025-09-18 14:20:21,003816.SZ,S,3.680,100
573,59,2025-09-18,2025-09-18 14:20:16,603681.SH,S,16.970,200
574,61,2025-09-18,2025-09-18 14:20:16,603681.SH,S,16.970,300
575,52,2025-09-18,2025-09-18 14:20:14,600737.SH,S,16.700,100
576,61,2025-09-18,2025-09-18 14:20:14,002421.SZ,B,3.640,6400
577,61,2025-09-18,2025-09-18 14:20:14,002421.SZ,B,3.640,3700
578,61,2025-09-18,2025-09-18 14:20:13,605319.SH,B,35.530,200
579,52,2025-09-18,2025-09-18 14:20:11,600489.SH,S,18.120,800
580,58,2025-09-18,2025-09-18 14:20:10,002965.SZ,B,46.340,100
581,52,2025-09-18,2025-09-18 14:20:08,605006.SH,S,8.110,100
582,52,2025-09-18,2025-09-18 14:19:03,002426.SZ,B,3.840,2300
583,58,2025-09-18,2025-09-18 14:20:06,605006.SH,S,8.110,600
584,59,2025-09-18,2025-09-18 14:20:07,300432.SZ,B,15.940,520
585,58,2025-09-18,2025-09-18 14:20:05,600590.SH,S,9.960,300
586,59,2025-09-18,2025-09-18 14:20:06,002421.SZ,B,3.640,5500
587,59,2025-09-18,2025-09-18 14:20:04,002096.SZ,S,13.690,100
588,61,2025-09-18,2025-09-18 14:20:04,000936.SZ,S,7.920,1100
589,58,2025-09-18,2025-09-18 14:20:04,002583.SZ,S,12.180,400
590,58,2025-09-18,2025-09-18 14:20:03,000936.SZ,S,7.920,1300
591,59,2025-09-18,2025-09-18 14:20:04,300432.SZ,B,15.940,200
592,59,2025-09-18,2025-09-18 14:20:03,000936.SZ,S,7.920,400
593,59,2025-09-18,2025-09-18 14:20:04,300432.SZ,B,15.940,100
594,59,2025-09-18,2025-09-18 14:20:03,002291.SZ,S,6.210,300
595,61,2025-09-18,2025-09-18 14:20:03,002291.SZ,S,6.210,800
596,59,2025-09-18,2025-09-18 14:20:02,300432.SZ,B,15.940,180
597,58,2025-09-18,2025-09-18 14:20:00,600292.SH,S,12.830,400
598,58,2025-09-18,2025-09-18 14:20:00,001359.SZ,S,53.190,100
599,58,2025-09-18,2025-09-18 14:19:58,300586.SZ,S,11.040,600
600,52,2025-09-18,2025-09-18 14:19:58,300586.SZ,S,11.040,100
601,52,2025-09-18,2025-09-18 14:19:58,300736.SZ,S,14.330,700
602,58,2025-09-18,2025-09-18 14:19:57,002389.SZ,S,21.170,100
603,52,2025-09-18,2025-09-18 14:19:56,002164.SZ,S,14.180,100
604,61,2025-09-18,2025-09-18 14:19:56,688428.SH,S,27.150,343
605,58,2025-09-18,2025-09-18 14:19:56,603698.SH,S,19.440,300
606,58,2025-09-18,2025-09-18 14:19:56,688098.SH,S,11.210,200
607,61,2025-09-18,2025-09-18 14:19:55,002624.SZ,S,19.230,100
608,61,2025-09-18,2025-09-18 14:19:55,688098.SH,S,11.210,332
609,61,2025-09-18,2025-09-18 14:19:55,002256.SZ,S,3.290,2000
610,61,2025-09-18,2025-09-18 14:19:55,002657.SZ,S,34.830,100
611,52,2025-09-18,2025-09-18 14:19:55,002326.SZ,S,16.580,100
612,58,2025-09-18,2025-09-18 14:19:55,603698.SH,S,19.440,100
613,58,2025-09-18,2025-09-18 14:19:54,600577.SH,S,8.620,100
614,52,2025-09-18,2025-09-18 14:19:54,600577.SH,S,8.620,100
615,61,2025-09-18,2025-09-18 14:19:53,300790.SZ,S,35.000,100
616,52,2025-09-18,2025-09-18 14:19:49,300252.SZ,S,15.610,200
617,58,2025-09-18,2025-09-18 14:19:51,300252.SZ,S,15.610,500
618,58,2025-09-18,2025-09-18 14:19:50,300252.SZ,S,15.610,100
619,61,2025-09-18,2025-09-18 14:19:46,002965.SZ,B,46.390,200
620,59,2025-09-18,2025-09-18 14:19:39,605058.SH,S,30.290,200
621,61,2025-09-18,2025-09-18 14:19:38,300232.SZ,B,8.280,200
622,58,2025-09-18,2025-09-18 14:19:36,300611.SZ,B,26.110,100
623,61,2025-09-18,2025-09-18 14:19:33,001359.SZ,S,53.200,100
624,58,2025-09-18,2025-09-18 14:19:31,300258.SZ,B,16.710,600
625,58,2025-09-18,2025-09-18 14:19:31,300276.SZ,B,11.490,800
626,58,2025-09-18,2025-09-18 14:19:29,688428.SH,S,27.060,592
627,52,2025-09-18,2025-09-18 14:19:28,688428.SH,S,27.060,200
628,61,2025-09-18,2025-09-18 14:19:28,002421.SZ,B,3.640,2500
629,61,2025-09-18,2025-09-18 14:19:25,002583.SZ,S,12.180,200
630,52,2025-09-18,2025-09-18 14:19:24,000811.SZ,S,13.750,100
631,61,2025-09-18,2025-09-18 14:19:24,001301.SZ,S,68.620,100
632,61,2025-09-18,2025-09-18 14:19:20,605006.SH,S,8.110,500
633,61,2025-09-18,2025-09-18 14:19:16,605058.SH,S,30.270,100
634,61,2025-09-18,2025-09-18 14:19:16,605058.SH,S,30.270,200
635,61,2025-09-18,2025-09-18 14:19:13,002389.SZ,S,21.180,100
636,52,2025-09-18,2025-09-18 14:19:08,601101.SH,S,7.270,100
637,59,2025-09-18,2025-09-18 14:19:09,002389.SZ,S,21.180,100
638,59,2025-09-18,2025-09-18 14:19:04,605058.SH,S,30.290,100
639,61,2025-09-18,2025-09-18 14:19:02,600590.SH,S,9.960,300
640,58,2025-09-18,2025-09-18 14:19:00,688660.SH,B,19.570,400
641,59,2025-09-18,2025-09-18 14:19:01,600590.SH,S,9.960,100
642,52,2025-09-18,2025-09-18 14:18:58,600513.SH,S,20.580,100
643,61,2025-09-18,2025-09-18 14:18:58,603131.SH,S,22.040,400
644,61,2025-09-18,2025-09-18 14:18:58,300773.SZ,S,26.100,300
645,58,2025-09-18,2025-09-18 14:18:57,300773.SZ,S,26.100,300
646,59,2025-09-18,2025-09-18 14:18:58,300773.SZ,S,26.100,200
647,52,2025-09-18,2025-09-18 14:18:56,300773.SZ,S,26.100,100
648,52,2025-09-18,2025-09-18 14:18:54,300258.SZ,B,16.730,600
649,61,2025-09-18,2025-09-18 14:18:49,600480.SH,S,14.670,600
650,52,2025-09-18,2025-09-18 14:18:46,603633.SH,S,12.290,400
651,61,2025-09-18,2025-09-18 14:18:43,300432.SZ,B,15.960,600
652,61,2025-09-18,2025-09-18 14:18:43,300432.SZ,B,15.960,200
653,61,2025-09-18,2025-09-18 14:18:43,300432.SZ,B,15.960,300
654,61,2025-09-18,2025-09-18 14:18:43,300432.SZ,B,15.960,200
655,61,2025-09-18,2025-09-18 14:18:43,300432.SZ,B,15.960,200
656,61,2025-09-18,2025-09-18 14:18:43,300432.SZ,B,15.960,300
657,61,2025-09-18,2025-09-18 14:18:43,300432.SZ,B,15.960,500
658,61,2025-09-18,2025-09-18 14:18:43,300432.SZ,B,15.960,300
659,61,2025-09-18,2025-09-18 14:18:43,300432.SZ,B,15.960,200
660,61,2025-09-18,2025-09-18 14:18:43,300432.SZ,B,15.960,200
661,58,2025-09-18,2025-09-18 14:18:41,002506.SZ,B,2.740,800
662,58,2025-09-18,2025-09-18 14:18:41,002506.SZ,B,2.740,800
663,61,2025-09-18,2025-09-18 14:18:41,002506.SZ,B,2.740,4500
664,52,2025-09-18,2025-09-18 14:18:39,300252.SZ,S,15.580,700
665,61,2025-09-18,2025-09-18 14:18:39,002421.SZ,B,3.640,2700
666,58,2025-09-18,2025-09-18 14:18:36,002472.SZ,B,49.300,100
667,61,2025-09-18,2025-09-18 14:18:35,300830.SZ,B,11.240,200
668,58,2025-09-18,2025-09-18 14:18:33,002886.SZ,B,24.070,500
669,58,2025-09-18,2025-09-18 14:18:34,300252.SZ,S,15.580,700
670,58,2025-09-18,2025-09-18 14:18:31,002735.SZ,S,15.920,600
671,61,2025-09-18,2025-09-18 14:18:29,688660.SH,B,19.570,200
672,59,2025-09-18,2025-09-18 14:18:29,301377.SZ,S,83.760,100
673,61,2025-09-18,2025-09-18 14:18:29,600212.SH,B,8.250,200
674,61,2025-09-18,2025-09-18 14:18:28,688660.SH,B,19.570,600
675,58,2025-09-18,2025-09-18 14:18:29,301377.SZ,S,83.770,100
676,59,2025-09-18,2025-09-18 14:18:26,002426.SZ,B,3.850,2400
677,61,2025-09-18,2025-09-18 14:18:26,600819.SH,B,6.990,200
678,61,2025-09-18,2025-09-18 14:18:25,002426.SZ,B,3.840,3900
679,52,2025-09-18,2025-09-18 14:18:21,002886.SZ,B,24.060,400
680,61,2025-09-18,2025-09-18 14:18:20,600226.SH,B,4.090,200
681,52,2025-09-18,2025-09-18 14:18:18,300465.SZ,S,25.250,200
682,61,2025-09-18,2025-09-18 14:18:18,300032.SZ,B,5.690,200
683,61,2025-09-18,2025-09-18 14:18:17,603210.SH,B,21.750,200
684,61,2025-09-18,2025-09-18 14:18:15,600239.SH,B,2.630,200
685,61,2025-09-18,2025-09-18 14:18:12,002886.SZ,B,24.050,200
686,59,2025-09-18,2025-09-18 14:18:11,002886.SZ,B,24.050,300
687,59,2025-09-18,2025-09-18 14:18:09,688428.SH,S,27.060,200
688,52,2025-09-18,2025-09-18 14:17:44,300158.SZ,S,7.650,500
689,61,2025-09-18,2025-09-18 14:18:09,688428.SH,S,27.060,200
690,59,2025-09-18,2025-09-18 14:18:08,603993.SH,B,12.430,500
691,61,2025-09-18,2025-09-18 14:18:03,603596.SH,B,52.880,200
692,59,2025-09-18,2025-09-18 14:17:56,002741.SZ,S,22.810,200
693,59,2025-09-18,2025-09-18 14:17:56,600819.SH,B,6.980,100
694,59,2025-09-18,2025-09-18 14:17:56,600819.SH,B,6.980,200
695,59,2025-09-18,2025-09-18 14:17:56,600819.SH,B,6.980,200
696,59,2025-09-18,2025-09-18 14:17:56,600819.SH,B,6.980,200
697,59,2025-09-18,2025-09-18 14:17:56,600819.SH,B,6.980,100
698,58,2025-09-18,2025-09-18 14:17:55,002175.SZ,B,5.150,1600
699,59,2025-09-18,2025-09-18 14:17:55,300252.SZ,S,15.550,900
700,52,2025-09-18,2025-09-18 14:17:55,000725.SZ,B,4.150,1700
701,61,2025-09-18,2025-09-18 14:17:54,002741.SZ,S,22.810,200
702,61,2025-09-18,2025-09-18 14:17:55,300252.SZ,S,15.550,1300
703,61,2025-09-18,2025-09-18 14:17:55,603121.SH,S,18.690,100
704,61,2025-09-18,2025-09-18 14:17:54,002741.SZ,S,22.810,200
705,58,2025-09-18,2025-09-18 14:17:54,603131.SH,S,21.980,200
706,52,2025-09-18,2025-09-18 14:17:54,603131.SH,S,21.980,100
707,58,2025-09-18,2025-09-18 14:17:53,000975.SZ,B,20.210,300
708,59,2025-09-18,2025-09-18 14:17:54,002236.SZ,S,19.870,100
709,59,2025-09-18,2025-09-18 14:17:53,603950.SH,S,36.730,200
710,61,2025-09-18,2025-09-18 14:17:53,603950.SH,S,36.730,100
711,58,2025-09-18,2025-09-18 14:17:53,603633.SH,S,12.260,800
712,52,2025-09-18,2025-09-18 14:17:49,603950.SH,S,36.730,100
713,58,2025-09-18,2025-09-18 14:17:52,603596.SH,B,52.900,100
714,61,2025-09-18,2025-09-18 14:17:50,603950.SH,S,36.730,200
715,58,2025-09-18,2025-09-18 14:17:51,603633.SH,S,12.260,100
716,58,2025-09-18,2025-09-18 14:17:47,603121.SH,S,18.680,100
717,61,2025-09-18,2025-09-18 14:17:47,603993.SH,B,12.420,700
718,61,2025-09-18,2025-09-18 14:17:47,300465.SZ,S,25.150,500
719,58,2025-09-18,2025-09-18 14:17:46,600480.SH,S,14.610,200
720,58,2025-09-18,2025-09-18 14:17:46,600480.SH,S,14.620,200
721,59,2025-09-18,2025-09-18 14:17:47,002506.SZ,B,2.740,1600
722,59,2025-09-18,2025-09-18 14:17:47,002636.SZ,S,13.380,100
723,61,2025-09-18,2025-09-18 14:17:47,002636.SZ,S,13.380,100
724,52,2025-09-18,2025-09-18 14:17:45,600480.SH,S,14.610,100
725,59,2025-09-18,2025-09-18 14:17:44,300465.SZ,S,25.150,200
726,61,2025-09-18,2025-09-18 14:17:43,002545.SZ,B,13.210,200
727,61,2025-09-18,2025-09-18 14:17:42,300611.SZ,B,26.080,100
728,61,2025-09-18,2025-09-18 14:17:41,002225.SZ,B,5.890,200
729,61,2025-09-18,2025-09-18 14:17:36,300611.SZ,B,26.080,100
730,61,2025-09-18,2025-09-18 14:17:34,300276.SZ,B,11.480,500
731,58,2025-09-18,2025-09-18 14:17:34,603613.SH,B,30.740,100
732,58,2025-09-18,2025-09-18 14:17:32,002506.SZ,B,2.740,1300
733,58,2025-09-18,2025-09-18 14:17:30,300736.SZ,S,14.360,300
734,58,2025-09-18,2025-09-18 14:17:30,002636.SZ,S,13.370,200
735,52,2025-09-18,2025-09-18 14:17:30,002636.SZ,S,13.370,100
736,61,2025-09-18,2025-09-18 14:17:30,301419.SZ,B,37.620,200
737,52,2025-09-18,2025-09-18 14:17:27,002403.SZ,B,15.890,200
738,52,2025-09-18,2025-09-18 14:17:20,601818.SH,S,3.480,100
739,59,2025-09-18,2025-09-18 14:17:29,000975.SZ,B,20.220,100
740,52,2025-09-18,2025-09-18 14:17:20,002291.SZ,S,6.200,200
741,61,2025-09-18,2025-09-18 14:17:28,300258.SZ,B,16.680,400
742,61,2025-09-18,2025-09-18 14:17:28,000026.SZ,B,17.320,200
743,61,2025-09-18,2025-09-18 14:17:28,300258.SZ,B,16.680,100
744,61,2025-09-18,2025-09-18 14:17:28,000975.SZ,B,20.220,200
745,61,2025-09-18,2025-09-18 14:17:28,603500.SH,B,11.560,200
746,61,2025-09-18,2025-09-18 14:17:28,300092.SZ,B,17.010,200
747,61,2025-09-18,2025-09-18 14:17:28,603613.SH,B,30.740,200
748,61,2025-09-18,2025-09-18 14:17:28,002175.SZ,B,5.150,2600
749,58,2025-09-18,2025-09-18 14:17:27,002941.SZ,B,15.950,100
750,52,2025-09-18,2025-09-18 14:17:20,600819.SH,B,6.970,600
751,52,2025-09-18,2025-09-18 14:17:20,002175.SZ,B,5.140,600
752,52,2025-09-18,2025-09-18 14:17:20,000826.SZ,S,2.290,600
753,58,2025-09-18,2025-09-18 14:17:27,002291.SZ,S,6.200,1000
754,59,2025-09-18,2025-09-18 14:17:25,300276.SZ,B,11.460,100
755,59,2025-09-18,2025-09-18 14:17:25,002364.SZ,B,29.710,100
756,58,2025-09-18,2025-09-18 14:17:24,002164.SZ,B,14.140,100
757,61,2025-09-18,2025-09-18 14:17:23,000572.SZ,B,5.220,200
758,58,2025-09-18,2025-09-18 14:17:23,300408.SZ,B,45.240,100
759,58,2025-09-18,2025-09-18 14:17:22,300491.SZ,B,33.080,100
760,58,2025-09-18,2025-09-18 14:17:22,000826.SZ,S,2.290,3000
761,58,2025-09-18,2025-09-18 14:17:22,000826.SZ,S,2.290,1300
762,59,2025-09-18,2025-09-18 14:17:16,000026.SZ,B,17.320,100
763,61,2025-09-18,2025-09-18 14:17:16,600052.SH,B,5.360,200
764,61,2025-09-18,2025-09-18 14:17:16,002164.SZ,B,14.140,200
765,61,2025-09-18,2025-09-18 14:17:16,603019.SH,B,109.920,200
766,61,2025-09-18,2025-09-18 14:17:16,300399.SZ,B,29.140,100
767,61,2025-09-18,2025-09-18 14:17:16,002364.SZ,B,29.700,200
768,61,2025-09-18,2025-09-18 14:17:15,300449.SZ,B,8.010,200
769,61,2025-09-18,2025-09-18 14:17:15,000980.SZ,B,3.610,200
770,61,2025-09-18,2025-09-18 14:17:16,300692.SZ,B,7.940,200
771,61,2025-09-18,2025-09-18 14:17:16,002472.SZ,B,49.250,200
772,61,2025-09-18,2025-09-18 14:17:16,600076.SH,B,2.930,200
773,58,2025-09-18,2025-09-18 14:17:15,002364.SZ,B,29.700,100
774,58,2025-09-18,2025-09-18 14:17:14,603009.SH,B,57.200,100
775,59,2025-09-18,2025-09-18 14:17:13,002164.SZ,B,14.130,100
776,59,2025-09-18,2025-09-18 14:17:13,002021.SZ,B,2.920,300
777,59,2025-09-18,2025-09-18 14:17:13,002175.SZ,B,5.140,800
778,59,2025-09-18,2025-09-18 14:13:02,002590.SZ,B,15.560,400
779,61,2025-09-18,2025-09-18 14:11:29,002323.SZ,S,2.020,800
780,61,2025-09-18,2025-09-18 14:11:29,002323.SZ,S,2.020,1400
781,61,2025-09-18,2025-09-18 14:11:21,688098.SH,B,11.160,355
782,52,2025-09-18,2025-09-18 14:10:38,605577.SH,S,14.270,100
783,61,2025-09-18,2025-09-18 14:10:13,600489.SH,B,18.180,1300
784,61,2025-09-18,2025-09-18 14:10:12,002532.SZ,S,10.910,700
785,61,2025-09-18,2025-09-18 14:09:59,603131.SH,S,21.990,400
786,61,2025-09-18,2025-09-18 14:09:58,300408.SZ,B,45.170,100
787,52,2025-09-18,2025-09-18 14:09:55,688613.SH,S,27.380,184
788,52,2025-09-18,2025-09-18 14:09:55,688613.SH,S,27.380,16
789,59,2025-09-18,2025-09-18 14:09:48,600489.SH,B,18.190,200
790,59,2025-09-18,2025-09-18 14:09:48,600489.SH,B,18.190,100
791,58,2025-09-18,2025-09-18 14:08:20,603698.SH,S,19.420,200
792,59,2025-09-18,2025-09-18 14:07:55,002590.SZ,B,15.620,400
793,52,2025-09-18,2025-09-18 14:07:45,002516.SZ,B,6.270,100
794,52,2025-09-18,2025-09-18 14:07:45,002516.SZ,B,6.270,600
795,52,2025-09-18,2025-09-18 14:07:45,002516.SZ,B,6.270,500
796,58,2025-09-18,2025-09-18 14:07:48,300258.SZ,B,16.650,200
797,52,2025-09-18,2025-09-18 14:07:24,002516.SZ,B,6.270,900
798,61,2025-09-18,2025-09-18 14:07:41,002624.SZ,B,19.110,200
799,52,2025-09-18,2025-09-18 14:07:39,600489.SH,B,18.190,700
800,52,2025-09-18,2025-09-18 14:07:25,600489.SH,B,18.180,1400
801,61,2025-09-18,2025-09-18 14:07:36,300727.SZ,S,43.900,100
802,59,2025-09-18,2025-09-18 14:07:30,688098.SH,B,11.230,481
803,58,2025-09-18,2025-09-18 14:07:30,688098.SH,B,11.230,934
804,61,2025-09-18,2025-09-18 14:07:30,688098.SH,B,11.230,800
805,52,2025-09-18,2025-09-18 14:07:22,600157.SH,S,1.700,30900
806,58,2025-09-18,2025-09-18 14:07:15,300408.SZ,B,45.120,200
807,52,2025-09-18,2025-09-18 14:07:14,300408.SZ,B,45.130,100
808,58,2025-09-18,2025-09-18 14:07:12,600489.SH,B,18.190,200
809,58,2025-09-18,2025-09-18 14:07:12,600489.SH,B,18.190,300
810,61,2025-09-18,2025-09-18 14:07:03,603158.SH,B,11.840,800
811,58,2025-09-18,2025-09-18 14:06:43,603131.SH,S,22.020,700
812,58,2025-09-18,2025-09-18 14:06:43,603131.SH,S,22.020,300
813,61,2025-09-18,2025-09-18 14:06:41,603131.SH,S,22.020,600
814,61,2025-09-18,2025-09-18 14:06:29,300408.SZ,B,45.230,200
815,61,2025-09-18,2025-09-18 14:06:29,603158.SH,B,11.960,800
816,61,2025-09-18,2025-09-18 14:06:28,600869.SH,S,8.130,100
817,52,2025-09-18,2025-09-18 14:06:06,002516.SZ,B,6.290,500
818,52,2025-09-18,2025-09-18 14:06:04,002516.SZ,B,6.290,600
819,61,2025-09-18,2025-09-18 14:06:01,601975.SH,B,3.250,200
820,59,2025-09-18,2025-09-18 14:06:00,002323.SZ,S,2.030,1000
821,61,2025-09-18,2025-09-18 14:05:55,603698.SH,S,19.330,300
822,59,2025-09-18,2025-09-18 14:05:55,603698.SH,S,19.330,100
823,58,2025-09-18,2025-09-18 14:05:49,002624.SZ,B,19.170,200
824,61,2025-09-18,2025-09-18 14:05:44,600671.SH,B,18.210,100
825,61,2025-09-18,2025-09-18 14:05:41,600671.SH,B,18.210,400
826,59,2025-09-18,2025-09-18 14:05:36,600480.SH,B,14.590,900
827,59,2025-09-18,2025-09-18 14:05:36,600480.SH,B,14.590,300
828,52,2025-09-18,2025-09-18 14:05:35,600030.SH,B,28.460,200
829,61,2025-09-18,2025-09-18 14:05:35,605305.SH,S,41.740,100
830,61,2025-09-18,2025-09-18 14:05:32,600489.SH,B,18.220,1100
831,59,2025-09-18,2025-09-18 14:05:32,600489.SH,B,18.220,500
832,52,2025-09-18,2025-09-18 14:05:30,002164.SZ,B,14.180,300
833,61,2025-09-18,2025-09-18 14:05:30,600489.SH,B,18.220,800
834,58,2025-09-18,2025-09-18 14:05:22,002164.SZ,B,14.190,600
835,58,2025-09-18,2025-09-18 14:05:19,600480.SH,B,14.580,200
836,61,2025-09-18,2025-09-18 14:05:20,002364.SZ,B,29.960,200
837,52,2025-09-18,2025-09-18 14:05:19,600480.SH,B,14.580,1400
838,58,2025-09-18,2025-09-18 14:05:19,600480.SH,B,14.580,3400
839,52,2025-09-18,2025-09-18 14:05:15,002164.SZ,B,14.190,300
840,61,2025-09-18,2025-09-18 14:05:16,002164.SZ,B,14.190,200
841,58,2025-09-18,2025-09-18 14:05:15,002164.SZ,B,14.190,300
842,58,2025-09-18,2025-09-18 14:05:14,300650.SZ,S,16.760,300
843,52,2025-09-18,2025-09-18 14:05:14,300650.SZ,S,16.760,100
844,52,2025-09-18,2025-09-18 14:04:45,600590.SH,S,9.970,100
845,61,2025-09-18,2025-09-18 14:04:48,300650.SZ,S,16.780,400
846,59,2025-09-18,2025-09-18 14:04:48,300650.SZ,S,16.780,100
847,59,2025-09-18,2025-09-18 14:04:43,002291.SZ,S,6.220,200
848,61,2025-09-18,2025-09-18 14:04:43,002291.SZ,S,6.220,400
849,61,2025-09-18,2025-09-18 14:04:39,600433.SH,B,3.410,200
850,52,2025-09-18,2025-09-18 14:04:36,300408.SZ,B,45.260,100
851,58,2025-09-18,2025-09-18 14:04:35,002323.SZ,S,2.030,2600
852,52,2025-09-18,2025-09-18 14:04:35,002323.SZ,S,2.030,600
853,59,2025-09-18,2025-09-18 14:04:34,000657.SZ,B,18.330,100
854,61,2025-09-18,2025-09-18 14:04:32,300408.SZ,B,45.270,100
855,59,2025-09-18,2025-09-18 14:04:32,300727.SZ,S,43.980,100
856,52,2025-09-18,2025-09-18 14:04:29,002265.SZ,S,31.130,100
857,61,2025-09-18,2025-09-18 14:04:26,002190.SZ,S,40.050,100
858,52,2025-09-18,2025-09-18 14:04:25,300591.SZ,S,9.810,100
859,58,2025-09-18,2025-09-18 14:04:23,300591.SZ,S,9.810,200
860,52,2025-09-18,2025-09-18 14:02:56,000592.SZ,B,3.460,2300
861,59,2025-09-18,2025-09-18 14:04:20,301110.SZ,S,75.640,100
862,59,2025-09-18,2025-09-18 14:04:19,002226.SZ,S,6.610,100
863,52,2025-09-18,2025-09-18 14:04:18,603328.SH,S,12.360,200
864,58,2025-09-18,2025-09-18 14:04:17,000592.SZ,B,3.460,3800
865,61,2025-09-18,2025-09-18 14:04:16,000901.SZ,S,16.130,100
866,52,2025-09-18,2025-09-18 14:04:16,001301.SZ,S,69.070,200
867,61,2025-09-18,2025-09-18 14:04:16,002532.SZ,S,10.940,700
868,59,2025-09-18,2025-09-18 14:04:15,001301.SZ,S,69.080,100
869,59,2025-09-18,2025-09-18 14:04:15,002532.SZ,S,10.940,500
870,58,2025-09-18,2025-09-18 14:04:11,300158.SZ,S,7.660,400
871,52,2025-09-18,2025-09-18 14:04:11,300158.SZ,S,7.660,200
872,61,2025-09-18,2025-09-18 14:04:10,300727.SZ,S,44.050,200
873,59,2025-09-18,2025-09-18 14:04:08,000901.SZ,S,16.130,100
874,59,2025-09-18,2025-09-18 14:04:08,002575.SZ,S,8.840,300
875,58,2025-09-18,2025-09-18 14:04:06,603698.SH,S,19.360,300
876,52,2025-09-18,2025-09-18 14:04:05,603698.SH,S,19.360,100
877,52,2025-09-18,2025-09-18 14:04:05,603019.SH,S,110.570,100
878,58,2025-09-18,2025-09-18 14:04:04,002190.SZ,S,40.080,100
879,58,2025-09-18,2025-09-18 14:04:03,002583.SZ,S,12.240,200
880,61,2025-09-18,2025-09-18 14:04:02,002583.SZ,S,12.240,121
881,61,2025-09-18,2025-09-18 14:04:02,002583.SZ,S,12.240,79
882,58,2025-09-18,2025-09-18 14:04:01,600531.SH,S,10.690,100
883,61,2025-09-18,2025-09-18 14:03:57,300465.SZ,S,25.280,100
884,58,2025-09-18,2025-09-18 14:03:52,002575.SZ,S,8.850,700
885,52,2025-09-18,2025-09-18 14:03:52,002575.SZ,S,8.850,100
886,61,2025-09-18,2025-09-18 14:03:51,688428.SH,S,27.080,185
887,52,2025-09-18,2025-09-18 14:02:35,600751.SH,S,4.830,200
888,61,2025-09-18,2025-09-18 14:03:24,002624.SZ,B,19.190,300
889,61,2025-09-18,2025-09-18 14:03:21,600751.SH,S,4.830,1500
890,59,2025-09-18,2025-09-18 14:03:21,600751.SH,S,4.830,500
891,58,2025-09-18,2025-09-18 14:03:08,300727.SZ,S,44.150,100
892,61,2025-09-18,2025-09-18 14:03:02,300766.SZ,S,42.100,100
893,59,2025-09-18,2025-09-18 14:02:55,002583.SZ,S,12.240,21
894,59,2025-09-18,2025-09-18 14:02:55,002583.SZ,S,12.240,79
895,61,2025-09-18,2025-09-18 14:02:54,300591.SZ,S,9.830,100
896,61,2025-09-18,2025-09-18 14:02:54,300429.SZ,S,13.990,100
897,61,2025-09-18,2025-09-18 14:02:54,300158.SZ,S,7.670,400
898,58,2025-09-18,2025-09-18 14:02:54,300042.SZ,S,26.590,100
899,59,2025-09-18,2025-09-18 14:02:54,300158.SZ,S,7.670,200
900,58,2025-09-18,2025-09-18 14:02:53,000901.SZ,S,16.140,200
901,59,2025-09-18,2025-09-18 14:02:53,603131.SH,S,22.090,700
902,52,2025-09-18,2025-09-18 14:02:51,603131.SH,S,22.090,600
903,58,2025-09-18,2025-09-18 14:02:51,603131.SH,S,22.090,400
904,58,2025-09-18,2025-09-18 14:02:51,603131.SH,S,22.090,100
905,58,2025-09-18,2025-09-18 14:02:51,603131.SH,S,22.090,500
906,61,2025-09-18,2025-09-18 14:02:49,300317.SZ,S,4.390,300
907,61,2025-09-18,2025-09-18 14:02:49,600961.SH,S,14.550,200
908,59,2025-09-18,2025-09-18 14:02:49,300317.SZ,S,4.390,100
909,61,2025-09-18,2025-09-18 14:02:48,301176.SZ,S,29.030,100
910,58,2025-09-18,2025-09-18 14:02:48,600590.SH,S,9.990,300
911,59,2025-09-18,2025-09-18 14:02:48,300790.SZ,S,34.900,100
912,61,2025-09-18,2025-09-18 14:02:46,300790.SZ,S,34.900,200
913,58,2025-09-18,2025-09-18 14:02:46,301110.SZ,S,75.830,100
914,61,2025-09-18,2025-09-18 14:02:46,603328.SH,S,12.390,400
915,58,2025-09-18,2025-09-18 14:02:45,300317.SZ,S,4.390,200
916,59,2025-09-18,2025-09-18 14:02:45,603328.SH,S,12.390,200
917,58,2025-09-18,2025-09-18 14:02:43,603328.SH,S,12.400,500
918,58,2025-09-18,2025-09-18 14:02:43,301176.SZ,S,29.040,100
919,59,2025-09-18,2025-09-18 14:02:43,300276.SZ,S,11.550,100
920,59,2025-09-18,2025-09-18 14:02:43,600590.SH,S,9.990,100
921,61,2025-09-18,2025-09-18 14:02:42,600590.SH,S,9.990,200
922,58,2025-09-18,2025-09-18 14:02:41,002532.SZ,S,10.990,100
923,52,2025-09-18,2025-09-18 14:02:33,002532.SZ,S,10.990,200
924,58,2025-09-18,2025-09-18 14:02:40,002532.SZ,S,10.990,600
925,58,2025-09-18,2025-09-18 14:02:26,600671.SH,B,18.270,200
926,61,2025-09-18,2025-09-18 14:02:23,002741.SZ,S,22.970,100
927,58,2025-09-18,2025-09-18 14:02:21,002239.SZ,B,3.430,900
928,58,2025-09-18,2025-09-18 14:02:21,300403.SZ,S,17.370,100
929,61,2025-09-18,2025-09-18 14:02:18,002158.SZ,S,29.340,100
930,61,2025-09-18,2025-09-18 14:02:09,300403.SZ,S,17.340,200
931,58,2025-09-18,2025-09-18 14:02:04,002364.SZ,B,30.100,200
932,58,2025-09-18,2025-09-18 14:01:57,002291.SZ,S,6.220,400
933,52,2025-09-18,2025-09-18 14:01:17,002291.SZ,S,6.220,100
934,52,2025-09-18,2025-09-18 14:01:43,601162.SH,S,5.750,100
935,52,2025-09-18,2025-09-18 14:01:45,002886.SZ,B,24.170,200
936,58,2025-09-18,2025-09-18 14:01:33,300258.SZ,B,16.800,700
937,58,2025-09-18,2025-09-18 14:01:31,300408.SZ,B,45.430,200
938,61,2025-09-18,2025-09-18 14:01:29,603131.SH,S,22.060,600
939,61,2025-09-18,2025-09-18 14:01:26,603131.SH,S,22.060,100
940,61,2025-09-18,2025-09-18 14:01:26,603131.SH,S,22.060,100
941,59,2025-09-18,2025-09-18 14:01:22,000592.SZ,B,3.460,1400
942,61,2025-09-18,2025-09-18 14:01:22,000592.SZ,B,3.460,4100
943,58,2025-09-18,2025-09-18 14:01:22,002403.SZ,B,15.950,100
944,58,2025-09-18,2025-09-18 14:01:20,002403.SZ,B,15.950,800
945,61,2025-09-18,2025-09-18 14:01:19,002100.SZ,B,7.540,200
946,52,2025-09-18,2025-09-18 14:01:17,601818.SH,S,3.480,700
947,61,2025-09-18,2025-09-18 14:01:16,600489.SH,B,18.260,1100
948,61,2025-09-18,2025-09-18 14:01:16,600489.SH,B,18.260,800
949,59,2025-09-18,2025-09-18 14:01:16,600489.SH,B,18.260,700
950,61,2025-09-18,2025-09-18 14:01:16,600489.SH,B,18.260,600
951,58,2025-09-18,2025-09-18 14:01:15,603106.SH,S,10.770,100
952,58,2025-09-18,2025-09-18 14:01:15,001301.SZ,S,69.080,700
953,61,2025-09-18,2025-09-18 14:01:14,600480.SH,B,14.620,4900
954,58,2025-09-18,2025-09-18 14:01:14,603019.SH,B,110.390,100
955,58,2025-09-18,2025-09-18 14:01:14,603019.SH,B,110.380,100
956,61,2025-09-18,2025-09-18 14:01:13,001301.SZ,S,69.080,600
957,59,2025-09-18,2025-09-18 14:01:12,300408.SZ,B,45.420,100
958,59,2025-09-18,2025-09-18 14:01:12,002979.SZ,B,51.560,100
959,61,2025-09-18,2025-09-18 14:01:12,600531.SH,S,10.680,100
960,61,2025-09-18,2025-09-18 14:01:12,300408.SZ,B,45.420,400
961,61,2025-09-18,2025-09-18 14:01:12,000727.SZ,B,2.930,200
962,61,2025-09-18,2025-09-18 14:01:12,603009.SH,B,57.440,200
963,61,2025-09-18,2025-09-18 13:58:57,002158.SZ,S,29.210,100
964,61,2025-09-18,2025-09-18 13:58:57,002158.SZ,S,29.210,400
965,61,2025-09-18,2025-09-18 13:58:57,002158.SZ,S,29.220,400
966,58,2025-09-18,2025-09-18 13:58:57,002158.SZ,S,29.240,300
967,58,2025-09-18,2025-09-18 13:58:57,002158.SZ,S,29.240,400
968,59,2025-09-18,2025-09-18 13:58:57,002158.SZ,S,29.250,300
969,59,2025-09-18,2025-09-18 13:58:57,002158.SZ,S,29.250,100
970,59,2025-09-18,2025-09-18 13:58:57,002158.SZ,S,29.250,100
971,59,2025-09-18,2025-09-18 13:58:57,002158.SZ,S,29.250,100
972,52,2025-09-18,2025-09-18 13:58:29,601818.SH,B,3.490,2500
973,61,2025-09-18,2025-09-18 13:58:16,002426.SZ,B,3.890,1100
974,61,2025-09-18,2025-09-18 13:58:07,002532.SZ,B,11.000,1400
975,61,2025-09-18,2025-09-18 13:58:07,002532.SZ,B,11.000,600
976,61,2025-09-18,2025-09-18 13:58:07,002532.SZ,B,11.000,200
977,61,2025-09-18,2025-09-18 13:57:47,600751.SH,B,4.830,700
978,61,2025-09-18,2025-09-18 13:57:47,600751.SH,B,4.830,100
979,61,2025-09-18,2025-09-18 13:57:47,600751.SH,B,4.830,300
980,59,2025-09-18,2025-09-18 13:57:27,300363.SZ,S,27.480,100
981,61,2025-09-18,2025-09-18 13:57:23,300363.SZ,S,27.480,300
982,59,2025-09-18,2025-09-18 13:57:18,000757.SZ,S,5.600,700
983,59,2025-09-18,2025-09-18 13:57:18,000757.SZ,S,5.600,300
984,61,2025-09-18,2025-09-18 13:57:18,000757.SZ,S,5.600,400
985,61,2025-09-18,2025-09-18 13:57:18,000757.SZ,S,5.600,100
986,61,2025-09-18,2025-09-18 13:57:18,000757.SZ,S,5.600,1000
987,61,2025-09-18,2025-09-18 13:57:18,000757.SZ,S,5.600,5200
988,61,2025-09-18,2025-09-18 13:56:06,002403.SZ,B,16.040,200
989,61,2025-09-18,2025-09-18 13:55:39,688778.SH,S,81.990,147
990,61,2025-09-18,2025-09-18 13:55:39,688778.SH,S,81.990,60
991,52,2025-09-18,2025-09-18 13:55:19,603019.SH,B,111.000,400
992,61,2025-09-18,2025-09-18 13:55:19,002565.SZ,B,7.070,200
993,59,2025-09-18,2025-09-18 13:55:16,300276.SZ,B,11.590,1000
994,58,2025-09-18,2025-09-18 13:55:16,601001.SH,B,13.680,400
995,61,2025-09-18,2025-09-18 13:55:16,300276.SZ,B,11.590,1400
996,58,2025-09-18,2025-09-18 13:55:15,300276.SZ,B,11.590,300
997,58,2025-09-18,2025-09-18 13:55:15,300276.SZ,B,11.590,700
998,58,2025-09-18,2025-09-18 13:55:15,300276.SZ,B,11.590,1000
999,58,2025-09-18,2025-09-18 13:54:58,002590.SZ,B,15.760,400
1000,61,2025-09-18,2025-09-18 13:54:50,300727.SZ,S,44.470,200
1001,58,2025-09-18,2025-09-18 13:54:50,002532.SZ,B,11.060,700
1002,58,2025-09-18,2025-09-18 13:54:50,300952.SZ,B,33.900,400
1003,58,2025-09-18,2025-09-18 13:54:50,002532.SZ,B,11.070,1200
1004,58,2025-09-18,2025-09-18 13:54:44,002407.SZ,S,16.800,500
1005,52,2025-09-18,2025-09-18 13:54:32,603328.SH,S,12.420,100
1006,59,2025-09-18,2025-09-18 13:54:31,605319.SH,B,35.770,200
1007,58,2025-09-18,2025-09-18 13:54:29,000757.SZ,S,5.620,1500
1008,58,2025-09-18,2025-09-18 13:54:29,000757.SZ,S,5.620,2000
1009,58,2025-09-18,2025-09-18 13:54:29,000757.SZ,S,5.620,1600
1010,52,2025-09-18,2025-09-18 13:54:00,002532.SZ,B,11.080,300
1011,61,2025-09-18,2025-09-18 13:54:08,300551.SZ,S,13.040,300
1012,52,2025-09-18,2025-09-18 13:54:04,002055.SZ,S,8.750,400
1013,52,2025-09-18,2025-09-18 13:53:37,002407.SZ,S,16.830,300
1014,58,2025-09-18,2025-09-18 13:53:28,600052.SH,S,5.430,700
1015,58,2025-09-18,2025-09-18 13:53:26,600961.SH,B,14.640,300
1016,59,2025-09-18,2025-09-18 13:53:25,000757.SZ,S,5.630,3300
1017,61,2025-09-18,2025-09-18 13:53:24,000757.SZ,S,5.630,3600
1018,58,2025-09-18,2025-09-18 13:53:23,000757.SZ,S,5.630,3400
1019,58,2025-09-18,2025-09-18 13:53:19,300403.SZ,B,17.400,500
1020,59,2025-09-18,2025-09-18 13:53:09,300403.SZ,B,17.400,600
1021,61,2025-09-18,2025-09-18 13:52:59,000603.SZ,S,20.640,100
1022,59,2025-09-18,2025-09-18 13:52:49,002532.SZ,B,11.080,100
1023,59,2025-09-18,2025-09-18 13:52:49,002532.SZ,B,11.080,1300
1024,52,2025-09-18,2025-09-18 13:52:47,600052.SH,S,5.430,100
1025,61,2025-09-18,2025-09-18 13:52:39,300727.SZ,S,44.290,200
1026,61,2025-09-18,2025-09-18 13:52:39,300727.SZ,S,44.290,100
1027,52,2025-09-18,2025-09-18 13:52:34,601958.SH,S,14.980,100
1028,52,2025-09-18,2025-09-18 13:52:32,002741.SZ,S,23.100,100
1029,59,2025-09-18,2025-09-18 13:52:32,300551.SZ,S,13.090,200
1030,61,2025-09-18,2025-09-18 13:52:32,603915.SH,B,18.100,700
1031,61,2025-09-18,2025-09-18 13:52:32,300551.SZ,S,13.090,300
1032,58,2025-09-18,2025-09-18 13:52:31,300727.SZ,S,44.290,500
1033,58,2025-09-18,2025-09-18 13:52:32,000657.SZ,B,18.510,400
1034,52,2025-09-18,2025-09-18 13:51:47,300276.SZ,B,11.620,400
1035,58,2025-09-18,2025-09-18 13:51:40,603915.SH,B,18.100,600
1036,58,2025-09-18,2025-09-18 13:51:35,300390.SZ,S,23.040,300
1037,58,2025-09-18,2025-09-18 13:51:34,300390.SZ,S,23.040,300
1038,58,2025-09-18,2025-09-18 13:51:11,002426.SZ,B,3.890,4500
1039,58,2025-09-18,2025-09-18 13:51:09,002239.SZ,B,3.460,3200
1040,58,2025-09-18,2025-09-18 13:51:07,688165.SH,B,28.000,417
1041,58,2025-09-18,2025-09-18 13:51:05,002407.SZ,S,16.870,200
1042,58,2025-09-18,2025-09-18 13:50:58,000603.SZ,S,20.650,100
1043,58,2025-09-18,2025-09-18 13:50:58,603798.SH,B,15.780,300
1044,61,2025-09-18,2025-09-18 13:50:49,603798.SH,B,15.770,200
1045,52,2025-09-18,2025-09-18 13:50:48,002158.SZ,S,29.380,1000
1046,58,2025-09-18,2025-09-18 13:50:48,002158.SZ,S,29.380,500
1047,61,2025-09-18,2025-09-18 13:50:48,002979.SZ,B,51.890,100
1048,59,2025-09-18,2025-09-18 13:50:46,601696.SH,B,15.030,400
1049,58,2025-09-18,2025-09-18 13:50:39,603328.SH,S,12.470,400
1050,59,2025-09-18,2025-09-18 13:50:39,002158.SZ,S,29.370,700
1051,61,2025-09-18,2025-09-18 13:50:39,002158.SZ,S,29.370,1100
1052,59,2025-09-18,2025-09-18 13:50:37,002407.SZ,S,16.840,200
1053,59,2025-09-18,2025-09-18 13:50:37,002407.SZ,S,16.840,200
1054,59,2025-09-18,2025-09-18 13:50:37,002407.SZ,S,16.840,200
1055,61,2025-09-18,2025-09-18 13:50:37,002407.SZ,S,16.840,300
1056,61,2025-09-18,2025-09-18 13:50:37,002407.SZ,S,16.840,1200
1057,58,2025-09-18,2025-09-18 13:50:36,002407.SZ,S,16.850,900
1058,58,2025-09-18,2025-09-18 13:50:32,601696.SH,B,15.010,900
1059,59,2025-09-18,2025-09-18 13:50:31,002426.SZ,B,3.890,2200
1060,61,2025-09-18,2025-09-18 13:50:31,600751.SH,B,4.850,1600
1061,61,2025-09-18,2025-09-18 13:50:29,002426.SZ,B,3.890,1600
1062,58,2025-09-18,2025-09-18 13:50:28,002055.SZ,S,8.750,2700
1063,61,2025-09-18,2025-09-18 13:50:28,002403.SZ,B,16.060,300
1064,61,2025-09-18,2025-09-18 13:50:28,300903.SZ,S,12.980,100
1065,52,2025-09-18,2025-09-18 13:50:17,002403.SZ,B,16.050,100
1066,59,2025-09-18,2025-09-18 13:50:18,002548.SZ,S,5.100,100
1067,61,2025-09-18,2025-09-18 13:50:18,002548.SZ,S,5.100,100
1068,61,2025-09-18,2025-09-18 13:50:16,002532.SZ,B,11.060,1500
1069,61,2025-09-18,2025-09-18 13:50:16,002532.SZ,B,11.060,100
1070,61,2025-09-18,2025-09-18 13:50:16,002532.SZ,B,11.060,500
1071,52,2025-09-18,2025-09-18 13:49:33,002426.SZ,B,3.880,1700
1072,61,2025-09-18,2025-09-18 13:49:56,300276.SZ,B,11.590,900
1073,61,2025-09-18,2025-09-18 13:49:56,601696.SH,B,15.000,1000
1074,52,2025-09-18,2025-09-18 13:49:52,601696.SH,B,14.980,100
1075,58,2025-09-18,2025-09-18 13:49:44,603089.SH,B,17.100,100
1076,58,2025-09-18,2025-09-18 13:49:41,603089.SH,B,17.100,500
1077,52,2025-09-18,2025-09-18 13:49:39,603089.SH,B,17.100,100
1078,59,2025-09-18,2025-09-18 13:49:25,002239.SZ,B,3.440,1400
1079,61,2025-09-18,2025-09-18 13:49:20,603019.SH,S,111.380,100
1080,52,2025-09-18,2025-09-18 13:49:18,000757.SZ,S,5.660,2900
1081,58,2025-09-18,2025-09-18 13:49:18,000757.SZ,S,5.660,2100
1082,52,2025-09-18,2025-09-18 13:48:39,002239.SZ,B,3.440,1500
1083,61,2025-09-18,2025-09-18 13:49:15,603855.SH,S,20.600,100
1084,52,2025-09-18,2025-09-18 13:49:12,603131.SH,S,22.160,100
1085,58,2025-09-18,2025-09-18 13:49:12,002611.SZ,B,18.650,300
1086,58,2025-09-18,2025-09-18 13:49:11,603855.SH,S,20.600,200
1087,52,2025-09-18,2025-09-18 13:49:10,603855.SH,S,20.600,100
1088,58,2025-09-18,2025-09-18 13:49:01,300980.SZ,B,26.050,300
1089,59,2025-09-18,2025-09-18 13:48:59,002164.SZ,B,14.300,400
1090,61,2025-09-18,2025-09-18 13:48:56,600376.SH,S,8.050,200
1091,61,2025-09-18,2025-09-18 13:48:54,603328.SH,S,12.480,300
1092,61,2025-09-18,2025-09-18 13:48:53,002020.SZ,S,20.430,200
1093,58,2025-09-18,2025-09-18 13:48:52,688658.SH,S,24.890,200
1094,61,2025-09-18,2025-09-18 13:48:47,300035.SZ,S,22.790,100
1095,59,2025-09-18,2025-09-18 13:48:47,603328.SH,S,12.480,100
1096,59,2025-09-18,2025-09-18 13:48:44,603328.SH,S,12.480,100
1097,61,2025-09-18,2025-09-18 13:48:43,688658.SH,S,24.890,4
1098,59,2025-09-18,2025-09-18 13:48:41,002055.SZ,S,8.740,1000
1099,59,2025-09-18,2025-09-18 13:48:40,002055.SZ,S,8.740,800
1100,61,2025-09-18,2025-09-18 13:48:37,002055.SZ,S,8.740,3700
1101,61,2025-09-18,2025-09-18 13:48:37,002055.SZ,S,8.740,600
1102,58,2025-09-18,2025-09-18 13:48:37,002979.SZ,B,51.800,300
1103,59,2025-09-18,2025-09-18 13:48:37,601001.SH,B,13.700,200
1104,61,2025-09-18,2025-09-18 13:48:37,688658.SH,S,24.890,233
1105,61,2025-09-18,2025-09-18 13:48:37,601001.SH,B,13.700,600
1106,58,2025-09-18,2025-09-18 13:48:35,002055.SZ,S,8.740,500
1107,58,2025-09-18,2025-09-18 13:48:35,002055.SZ,S,8.740,800
1108,58,2025-09-18,2025-09-18 13:48:35,002055.SZ,S,8.740,300
1109,58,2025-09-18,2025-09-18 13:48:35,002055.SZ,S,8.740,400
1110,52,2025-09-18,2025-09-18 13:48:34,002055.SZ,S,8.740,700
1111,61,2025-09-18,2025-09-18 13:48:23,600751.SH,B,4.830,2200
1112,52,2025-09-18,2025-09-18 13:47:21,002446.SZ,S,8.990,100
1113,58,2025-09-18,2025-09-18 13:48:07,600489.SH,B,18.310,100
1114,59,2025-09-18,2025-09-18 13:48:05,300317.SZ,S,4.400,400
1115,61,2025-09-18,2025-09-18 13:48:05,300317.SZ,S,4.400,1000
1116,58,2025-09-18,2025-09-18 13:48:02,603109.SH,S,31.920,100
1117,61,2025-09-18,2025-09-18 13:47:55,002611.SZ,B,18.580,400
1118,61,2025-09-18,2025-09-18 13:47:49,603089.SH,S,17.070,1000
1119,58,2025-09-18,2025-09-18 13:47:42,002532.SZ,B,11.010,1500
1120,58,2025-09-18,2025-09-18 13:47:41,300650.SZ,S,16.770,100
1121,59,2025-09-18,2025-09-18 13:47:41,002403.SZ,B,16.010,400
1122,58,2025-09-18,2025-09-18 13:47:40,300449.SZ,B,8.090,300
1123,61,2025-09-18,2025-09-18 13:47:39,002164.SZ,B,14.260,400
1124,61,2025-09-18,2025-09-18 13:47:39,002164.SZ,B,14.260,600
1125,58,2025-09-18,2025-09-18 13:47:37,600671.SH,B,18.270,100
1126,61,2025-09-18,2025-09-18 13:47:31,002239.SZ,B,3.440,3800
1127,61,2025-09-18,2025-09-18 13:47:30,600733.SH,B,8.220,200
1128,61,2025-09-18,2025-09-18 13:47:26,002979.SZ,B,51.690,100
1129,52,2025-09-18,2025-09-18 13:47:24,300258.SZ,B,16.810,700
1130,59,2025-09-18,2025-09-18 13:47:21,002158.SZ,S,29.030,100
1131,59,2025-09-18,2025-09-18 13:47:21,002158.SZ,S,29.030,100
1132,61,2025-09-18,2025-09-18 13:47:20,002158.SZ,S,29.030,100
1133,61,2025-09-18,2025-09-18 13:47:20,002158.SZ,S,29.030,100
1134,52,2025-09-18,2025-09-18 13:47:13,300952.SZ,B,33.850,100
1135,58,2025-09-18,2025-09-18 13:47:12,300952.SZ,B,33.830,500
1136,52,2025-09-18,2025-09-18 13:47:10,300094.SZ,S,3.840,100
1137,58,2025-09-18,2025-09-18 13:47:08,300317.SZ,S,4.400,200
1138,58,2025-09-18,2025-09-18 13:47:08,300317.SZ,S,4.400,900
1139,58,2025-09-18,2025-09-18 13:47:06,300363.SZ,S,27.490,300
1140,59,2025-09-18,2025-09-18 13:47:01,002277.SZ,S,7.400,100
1141,52,2025-09-18,2025-09-18 13:46:57,002532.SZ,B,10.980,600
1142,58,2025-09-18,2025-09-18 13:46:57,002407.SZ,S,16.900,200
1143,61,2025-09-18,2025-09-18 13:46:56,002277.SZ,S,7.400,200
1144,52,2025-09-18,2025-09-18 13:46:56,002886.SZ,B,24.230,400
1145,58,2025-09-18,2025-09-18 13:46:56,002548.SZ,S,5.080,100
1146,58,2025-09-18,2025-09-18 13:46:55,603915.SH,B,18.060,400
1147,58,2025-09-18,2025-09-18 13:46:55,002277.SZ,S,7.400,300
1148,58,2025-09-18,2025-09-18 13:46:54,002164.SZ,B,14.260,300
1149,58,2025-09-18,2025-09-18 13:46:54,002164.SZ,B,14.260,200
1150,58,2025-09-18,2025-09-18 13:46:52,002158.SZ,S,29.030,1100
1151,52,2025-09-18,2025-09-18 13:46:51,002158.SZ,S,29.030,900
1152,61,2025-09-18,2025-09-18 13:46:52,002426.SZ,B,3.870,2200
1153,61,2025-09-18,2025-09-18 13:46:49,603915.SH,B,18.060,400
1154,61,2025-09-18,2025-09-18 13:46:50,002403.SZ,B,16.010,600
1155,58,2025-09-18,2025-09-18 13:46:48,600751.SH,B,4.820,400
1156,58,2025-09-18,2025-09-18 13:46:48,002624.SZ,B,19.180,800
1157,61,2025-09-18,2025-09-18 13:46:47,600489.SH,B,18.310,200
1158,58,2025-09-18,2025-09-18 13:46:47,002624.SZ,B,19.180,100
1159,61,2025-09-18,2025-09-18 13:46:47,002403.SZ,B,16.010,100
1160,52,2025-09-18,2025-09-18 13:46:46,300428.SZ,B,24.210,100
1161,58,2025-09-18,2025-09-18 13:46:43,600751.SH,B,4.820,4000
1162,61,2025-09-18,2025-09-18 13:46:42,000657.SZ,B,18.430,200
1163,58,2025-09-18,2025-09-18 13:46:41,603613.SH,B,30.930,100
1164,61,2025-09-18,2025-09-18 13:46:41,603613.SH,B,30.930,200
1165,58,2025-09-18,2025-09-18 13:46:39,688778.SH,S,83.300,228
1166,61,2025-09-18,2025-09-18 13:46:36,600961.SH,B,14.590,100
1167,58,2025-09-18,2025-09-18 13:46:35,002886.SZ,B,24.240,100
1168,61,2025-09-18,2025-09-18 13:46:36,600961.SH,B,14.590,500
1169,58,2025-09-18,2025-09-18 13:46:34,300551.SZ,S,13.070,200
1170,61,2025-09-18,2025-09-18 13:46:34,300980.SZ,B,26.000,400
1171,61,2025-09-18,2025-09-18 13:46:30,002407.SZ,S,16.900,400
1172,61,2025-09-18,2025-09-18 13:46:29,300403.SZ,B,17.390,1400
1173,61,2025-09-18,2025-09-18 13:46:28,000592.SZ,S,3.470,18
1174,61,2025-09-18,2025-09-18 13:46:28,000592.SZ,S,3.470,82
1175,58,2025-09-18,2025-09-18 13:46:29,300403.SZ,B,17.380,400
1176,58,2025-09-18,2025-09-18 13:46:29,300403.SZ,B,17.380,200
1177,52,2025-09-18,2025-09-18 13:46:19,300403.SZ,B,17.360,400
1178,61,2025-09-18,2025-09-18 13:46:28,002407.SZ,S,16.910,100
1179,61,2025-09-18,2025-09-18 13:46:27,002407.SZ,S,16.910,500
1180,52,2025-09-18,2025-09-18 13:46:27,002407.SZ,S,16.910,500
1181,58,2025-09-18,2025-09-18 13:46:28,300551.SZ,S,13.070,100
1182,58,2025-09-18,2025-09-18 13:46:28,300551.SZ,S,13.070,300
1183,58,2025-09-18,2025-09-18 13:46:28,002407.SZ,S,16.910,1500
1184,59,2025-09-18,2025-09-18 13:46:25,002407.SZ,S,16.910,300
1185,59,2025-09-18,2025-09-18 13:46:28,002741.SZ,S,23.090,100
1186,52,2025-09-18,2025-09-18 13:46:19,300551.SZ,S,13.070,100
1187,52,2025-09-18,2025-09-18 13:46:19,300551.SZ,S,13.070,100
1188,58,2025-09-18,2025-09-18 13:46:27,002590.SZ,B,15.740,500
1189,52,2025-09-18,2025-09-18 13:46:24,002590.SZ,B,15.740,100
1190,61,2025-09-18,2025-09-18 13:46:24,002407.SZ,S,16.910,400
1191,58,2025-09-18,2025-09-18 13:46:24,688165.SH,B,27.870,200
1192,59,2025-09-18,2025-09-18 13:46:25,300258.SZ,B,16.800,1400
1193,59,2025-09-18,2025-09-18 13:46:25,002407.SZ,S,16.910,300
1194,58,2025-09-18,2025-09-18 13:46:23,603811.SH,S,13.700,100
1195,61,2025-09-18,2025-09-18 13:46:23,002741.SZ,S,23.090,100
1196,61,2025-09-18,2025-09-18 13:46:24,300390.SZ,S,23.030,1000
1197,61,2025-09-18,2025-09-18 13:46:22,603811.SH,S,13.700,100
1198,59,2025-09-18,2025-09-18 13:46:24,300390.SZ,S,23.030,400
1199,52,2025-09-18,2025-09-18 13:46:18,300390.SZ,S,23.030,300
1200,58,2025-09-18,2025-09-18 13:46:22,300727.SZ,S,44.290,100
1201,58,2025-09-18,2025-09-18 13:46:23,002741.SZ,S,23.090,100
1202,52,2025-09-18,2025-09-18 13:46:19,600751.SH,B,4.820,300
1203,52,2025-09-18,2025-09-18 13:46:19,600751.SH,B,4.820,1400
1204,52,2025-09-18,2025-09-18 13:46:21,002073.SZ,S,8.910,100
1205,58,2025-09-18,2025-09-18 13:46:19,300727.SZ,S,44.270,100
1206,58,2025-09-18,2025-09-18 13:46:19,300258.SZ,B,16.800,1400
1207,58,2025-09-18,2025-09-18 13:46:19,300390.SZ,S,23.020,300
1208,58,2025-09-18,2025-09-18 13:46:19,300390.SZ,S,23.020,200
1209,59,2025-09-18,2025-09-18 13:46:20,603915.SH,B,18.070,600
1210,52,2025-09-18,2025-09-18 13:46:19,603915.SH,B,18.070,400
1211,58,2025-09-18,2025-09-18 13:46:18,000592.SZ,S,3.470,100
1212,61,2025-09-18,2025-09-18 13:46:18,300258.SZ,B,16.800,2300
1213,61,2025-09-18,2025-09-18 13:46:18,000026.SZ,B,17.430,100
1214,61,2025-09-18,2025-09-18 13:46:18,000026.SZ,B,17.430,300
1215,59,2025-09-18,2025-09-18 13:46:19,300449.SZ,B,8.100,200
1216,52,2025-09-18,2025-09-18 13:46:18,603617.SH,S,9.060,100
1217,52,2025-09-18,2025-09-18 13:46:18,600732.SH,S,15.980,200
1218,52,2025-09-18,2025-09-18 13:46:18,300727.SZ,S,44.270,300
1219,52,2025-09-18,2025-09-18 13:46:18,300158.SZ,S,7.700,100
1220,58,2025-09-18,2025-09-18 13:46:17,603915.SH,B,18.070,300
1221,61,2025-09-18,2025-09-18 13:46:17,603915.SH,B,18.070,300
1222,61,2025-09-18,2025-09-18 13:46:17,301135.SZ,S,31.190,100
1223,59,2025-09-18,2025-09-18 13:46:17,600751.SH,B,4.820,1800
1224,58,2025-09-18,2025-09-18 13:46:16,300727.SZ,S,44.220,100
1225,58,2025-09-18,2025-09-18 13:46:16,300727.SZ,S,44.270,200
1226,58,2025-09-18,2025-09-18 13:46:16,000026.SZ,B,17.430,200
1227,61,2025-09-18,2025-09-18 13:46:15,603871.SH,S,13.170,200
1228,61,2025-09-18,2025-09-18 13:46:17,300952.SZ,B,33.860,600
1229,61,2025-09-18,2025-09-18 13:46:15,603871.SH,S,13.170,100
1230,59,2025-09-18,2025-09-18 13:46:17,300952.SZ,B,33.860,200
1231,58,2025-09-18,2025-09-18 13:46:15,002073.SZ,S,8.910,700
1232,61,2025-09-18,2025-09-18 13:46:16,002979.SZ,B,51.730,200
1233,61,2025-09-18,2025-09-18 13:46:16,002158.SZ,S,28.960,100
1234,61,2025-09-18,2025-09-18 13:46:16,002624.SZ,B,19.170,200
1235,61,2025-09-18,2025-09-18 13:46:16,002158.SZ,S,28.960,1000
1236,59,2025-09-18,2025-09-18 13:46:16,002158.SZ,S,28.960,700
1237,59,2025-09-18,2025-09-18 13:46:16,603871.SH,S,13.170,100
1238,58,2025-09-18,2025-09-18 13:46:14,603871.SH,S,13.170,400
1239,61,2025-09-18,2025-09-18 13:46:14,688165.SH,B,27.880,861
1240,61,2025-09-18,2025-09-18 13:46:13,601975.SH,S,3.270,200
1241,59,2025-09-18,2025-09-18 13:46:15,002624.SZ,B,19.170,100
1242,59,2025-09-18,2025-09-18 13:46:14,002624.SZ,B,19.170,300
1243,61,2025-09-18,2025-09-18 13:46:13,300727.SZ,S,44.270,300
1244,61,2025-09-18,2025-09-18 13:46:13,300727.SZ,S,44.270,100
1245,61,2025-09-18,2025-09-18 13:46:13,600052.SH,S,5.440,600
1246,61,2025-09-18,2025-09-18 13:46:13,002073.SZ,S,8.910,700
1247,59,2025-09-18,2025-09-18 13:46:14,600052.SH,S,5.440,300
1248,59,2025-09-18,2025-09-18 13:46:13,300727.SZ,S,44.270,200
1249,59,2025-09-18,2025-09-18 13:46:13,002073.SZ,S,8.910,200
1250,59,2025-09-18,2025-09-18 13:46:13,002506.SZ,B,2.750,1000
1251,59,2025-09-18,2025-09-18 13:46:13,300727.SZ,S,44.280,100
1252,61,2025-09-18,2025-09-18 13:43:30,300197.SZ,S,2.510,1100
1253,59,2025-09-18,2025-09-18 13:43:30,300197.SZ,S,2.510,400
1254,61,2025-09-18,2025-09-18 13:43:13,300903.SZ,B,12.990,200
1255,61,2025-09-18,2025-09-18 13:43:13,300903.SZ,B,12.990,100
1256,61,2025-09-18,2025-09-18 13:43:13,300903.SZ,B,12.990,100
1257,61,2025-09-18,2025-09-18 13:43:13,300903.SZ,B,12.990,100
1258,61,2025-09-18,2025-09-18 13:43:13,300903.SZ,B,12.990,100
1259,58,2025-09-18,2025-09-18 13:43:13,601958.SH,B,15.010,200
1260,61,2025-09-18,2025-09-18 13:43:07,300094.SZ,S,3.850,500
1261,59,2025-09-18,2025-09-18 13:43:08,300094.SZ,S,3.850,200
1262,61,2025-09-18,2025-09-18 13:43:03,002323.SZ,S,2.040,100
1263,58,2025-09-18,2025-09-18 13:43:02,300197.SZ,S,2.510,165
1264,58,2025-09-18,2025-09-18 13:43:02,300197.SZ,S,2.510,800
1265,58,2025-09-18,2025-09-18 13:43:02,300197.SZ,S,2.510,335
1266,52,2025-09-18,2025-09-18 13:43:02,300197.SZ,S,2.510,300
1267,59,2025-09-18,2025-09-18 13:42:40,002590.SZ,B,15.800,400
1268,58,2025-09-18,2025-09-18 13:41:38,600340.SH,B,2.400,2200
1269,52,2025-09-18,2025-09-18 13:32:08,600340.SH,B,2.400,1600
1270,52,2025-09-18,2025-09-18 13:41:35,000703.SZ,S,6.420,100
1271,58,2025-09-18,2025-09-18 13:41:27,600340.SH,B,2.400,3200
1272,61,2025-09-18,2025-09-18 13:41:07,603019.SH,B,111.860,200
1273,58,2025-09-18,2025-09-18 13:41:08,301135.SZ,B,31.280,100
1274,58,2025-09-18,2025-09-18 13:41:07,603089.SH,B,17.140,500
1275,58,2025-09-18,2025-09-18 13:41:07,301135.SZ,B,31.280,100
1276,58,2025-09-18,2025-09-18 13:41:07,002642.SZ,B,10.180,300
1277,58,2025-09-18,2025-09-18 13:41:04,002886.SZ,B,24.390,600
1278,59,2025-09-18,2025-09-18 13:40:41,300903.SZ,B,12.980,500
1279,59,2025-09-18,2025-09-18 13:40:40,002886.SZ,B,24.380,300
1280,59,2025-09-18,2025-09-18 13:40:40,002886.SZ,B,24.380,300
1281,52,2025-09-18,2025-09-18 13:40:39,002642.SZ,B,10.170,500
1282,58,2025-09-18,2025-09-18 13:40:37,002642.SZ,B,10.170,300
1283,59,2025-09-18,2025-09-18 13:40:36,002642.SZ,B,10.170,1200
1284,61,2025-09-18,2025-09-18 13:40:21,603993.SH,B,12.570,300
1285,58,2025-09-18,2025-09-18 13:40:13,300650.SZ,S,16.870,300
1286,58,2025-09-18,2025-09-18 13:40:13,300903.SZ,B,12.970,700
1287,58,2025-09-18,2025-09-18 13:40:08,300903.SZ,B,12.970,100
1288,61,2025-09-18,2025-09-18 13:40:04,002624.SZ,B,19.230,200
1289,61,2025-09-18,2025-09-18 13:39:47,603127.SH,S,41.100,100
1290,58,2025-09-18,2025-09-18 13:39:48,000823.SZ,S,14.780,600
1291,61,2025-09-18,2025-09-18 13:39:41,600301.SH,B,31.100,100
1292,58,2025-09-18,2025-09-18 13:39:22,603089.SH,B,17.100,200
1293,58,2025-09-18,2025-09-18 13:39:13,300650.SZ,S,16.860,400
1294,59,2025-09-18,2025-09-18 13:39:11,002590.SZ,B,15.790,100
1295,59,2025-09-18,2025-09-18 13:39:11,002590.SZ,B,15.790,300
1296,61,2025-09-18,2025-09-18 13:39:10,300903.SZ,B,12.980,800
1297,58,2025-09-18,2025-09-18 13:39:10,300903.SZ,B,12.980,400
1298,61,2025-09-18,2025-09-18 13:39:09,603089.SH,B,17.080,900
1299,61,2025-09-18,2025-09-18 13:39:06,300903.SZ,B,12.970,300
1300,58,2025-09-18,2025-09-18 13:39:05,605319.SH,B,35.800,100
1301,61,2025-09-18,2025-09-18 13:38:59,301176.SZ,S,29.270,100
1302,59,2025-09-18,2025-09-18 13:38:59,301176.SZ,S,29.270,100
1303,58,2025-09-18,2025-09-18 13:38:59,603229.SH,B,11.040,100
1304,61,2025-09-18,2025-09-18 13:38:52,600156.SH,S,8.690,500
1305,52,2025-09-18,2025-09-18 13:38:52,002323.SZ,S,2.040,100
1306,52,2025-09-18,2025-09-18 13:38:05,000592.SZ,B,3.490,300
1307,58,2025-09-18,2025-09-18 13:38:41,600156.SH,S,8.690,500
1308,58,2025-09-18,2025-09-18 13:38:38,300094.SZ,S,3.860,600
1309,52,2025-09-18,2025-09-18 13:31:18,300094.SZ,S,3.860,100
1310,61,2025-09-18,2025-09-18 13:38:37,002073.SZ,S,8.940,500
1311,59,2025-09-18,2025-09-18 13:38:38,002073.SZ,S,8.940,200
1312,58,2025-09-18,2025-09-18 13:38:35,002323.SZ,S,2.040,100
1313,58,2025-09-18,2025-09-18 13:38:30,603500.SH,B,11.740,100
1314,52,2025-09-18,2025-09-18 13:38:29,002073.SZ,S,8.940,200
1315,59,2025-09-18,2025-09-18 13:38:28,002973.SZ,S,15.590,100
1316,52,2025-09-18,2025-09-18 13:38:13,300903.SZ,B,12.970,200
1317,52,2025-09-18,2025-09-18 13:38:21,002407.SZ,S,17.190,100
1318,52,2025-09-18,2025-09-18 13:38:21,002407.SZ,S,17.190,100
1319,58,2025-09-18,2025-09-18 13:38:21,002590.SZ,B,15.800,300
1320,61,2025-09-18,2025-09-18 13:38:15,300918.SZ,S,24.460,200
1321,59,2025-09-18,2025-09-18 13:38:11,601083.SH,S,11.700,100
1322,58,2025-09-18,2025-09-18 13:38:05,603811.SH,S,13.770,100
1323,58,2025-09-18,2025-09-18 13:38:05,300918.SZ,S,24.510,400
1324,52,2025-09-18,2025-09-18 13:38:03,300035.SZ,S,22.860,200
1325,61,2025-09-18,2025-09-18 13:38:01,603811.SH,S,13.770,100
1326,61,2025-09-18,2025-09-18 13:37:59,002020.SZ,B,20.610,100
1327,61,2025-09-18,2025-09-18 13:37:58,002020.SZ,B,20.610,300
1328,58,2025-09-18,2025-09-18 13:37:55,300035.SZ,S,22.880,600
1329,58,2025-09-18,2025-09-18 13:37:55,300035.SZ,S,22.880,100
1330,61,2025-09-18,2025-09-18 13:37:38,002520.SZ,S,7.370,200
1331,61,2025-09-18,2025-09-18 13:37:33,300035.SZ,S,22.880,100
1332,59,2025-09-18,2025-09-18 13:37:34,300035.SZ,S,22.880,200
1333,61,2025-09-18,2025-09-18 13:37:32,300035.SZ,S,22.880,100
1334,61,2025-09-18,2025-09-18 13:37:31,300035.SZ,S,22.870,300
1335,52,2025-09-18,2025-09-18 13:37:00,002446.SZ,B,9.030,1200
1336,61,2025-09-18,2025-09-18 13:37:24,300650.SZ,S,16.800,100
1337,61,2025-09-18,2025-09-18 13:37:24,300650.SZ,S,16.800,300
1338,61,2025-09-18,2025-09-18 13:37:24,300650.SZ,S,16.800,100
1339,61,2025-09-18,2025-09-18 13:37:24,300650.SZ,S,16.800,100
1340,61,2025-09-18,2025-09-18 13:37:24,300650.SZ,S,16.800,100
1341,61,2025-09-18,2025-09-18 13:37:24,300650.SZ,S,16.800,200
1342,61,2025-09-18,2025-09-18 13:37:24,300650.SZ,S,16.800,100
1343,59,2025-09-18,2025-09-18 13:37:23,300650.SZ,S,16.800,200
1344,59,2025-09-18,2025-09-18 13:37:23,300650.SZ,S,16.800,200
1345,59,2025-09-18,2025-09-18 13:37:23,300650.SZ,S,16.800,100
1346,52,2025-09-18,2025-09-18 13:37:11,603089.SH,B,17.130,200
1347,58,2025-09-18,2025-09-18 13:37:09,603089.SH,B,17.130,400
1348,61,2025-09-18,2025-09-18 13:37:06,002624.SZ,B,19.280,400
1349,58,2025-09-18,2025-09-18 13:37:03,300399.SZ,B,29.510,100
1350,52,2025-09-18,2025-09-18 13:37:01,601898.SH,S,11.360,100
1351,52,2025-09-18,2025-09-18 13:36:56,601398.SH,S,7.350,100
1352,61,2025-09-18,2025-09-18 13:36:50,603127.SH,S,41.410,600
1353,61,2025-09-18,2025-09-18 13:36:50,603127.SH,S,41.410,100
1354,59,2025-09-18,2025-09-18 13:36:50,603127.SH,S,41.410,300
1355,61,2025-09-18,2025-09-18 13:36:49,000659.SZ,B,3.050,2300
1356,58,2025-09-18,2025-09-18 13:36:48,000823.SZ,S,14.760,800
1357,61,2025-09-18,2025-09-18 13:36:45,603019.SH,B,112.000,300
1358,58,2025-09-18,2025-09-18 13:36:46,301135.SZ,B,31.360,200
1359,59,2025-09-18,2025-09-18 13:36:44,301135.SZ,B,31.340,100
1360,58,2025-09-18,2025-09-18 13:36:41,300317.SZ,S,4.430,900
1361,58,2025-09-18,2025-09-18 13:36:40,000592.SZ,B,3.500,200
1362,58,2025-09-18,2025-09-18 13:36:40,000592.SZ,B,3.500,1700
1363,58,2025-09-18,2025-09-18 13:36:34,002445.SZ,B,2.920,2400
1364,52,2025-09-18,2025-09-18 13:36:34,002445.SZ,B,2.920,300
1365,61,2025-09-18,2025-09-18 13:36:31,000753.SZ,S,7.420,200
1366,59,2025-09-18,2025-09-18 13:36:13,603811.SH,S,13.770,100
1367,59,2025-09-18,2025-09-18 13:36:12,002548.SZ,S,5.120,3000
1368,61,2025-09-18,2025-09-18 13:36:12,002548.SZ,S,5.120,7400
1369,52,2025-09-18,2025-09-18 13:36:11,600489.SH,B,18.390,300
1370,59,2025-09-18,2025-09-18 13:36:06,600732.SH,B,16.010,100
1371,61,2025-09-18,2025-09-18 13:36:00,301135.SZ,B,31.300,400
1372,52,2025-09-18,2025-09-18 13:35:16,300650.SZ,S,16.740,300
1373,61,2025-09-18,2025-09-18 13:36:00,002642.SZ,B,10.200,4200
1374,52,2025-09-18,2025-09-18 13:35:58,600732.SH,B,16.020,600
1375,52,2025-09-18,2025-09-18 13:35:53,002642.SZ,B,10.200,300
1376,58,2025-09-18,2025-09-18 13:35:52,002642.SZ,B,10.200,600
1377,58,2025-09-18,2025-09-18 13:35:49,002642.SZ,B,10.200,300
1378,52,2025-09-18,2025-09-18 13:35:49,002642.SZ,B,10.200,300
1379,58,2025-09-18,2025-09-18 13:35:48,600819.SH,B,7.050,800
1380,61,2025-09-18,2025-09-18 13:35:47,605319.SH,B,35.860,200
1381,58,2025-09-18,2025-09-18 13:35:47,002642.SZ,B,10.200,300
1382,58,2025-09-18,2025-09-18 13:35:46,300449.SZ,B,8.160,300
1383,61,2025-09-18,2025-09-18 13:35:41,603993.SH,B,12.590,600
1384,52,2025-09-18,2025-09-18 13:35:29,603993.SH,B,12.590,200
1385,58,2025-09-18,2025-09-18 13:35:38,301135.SZ,B,31.310,100
1386,58,2025-09-18,2025-09-18 13:35:36,603993.SH,B,12.590,1100
1387,58,2025-09-18,2025-09-18 13:35:34,002642.SZ,B,10.200,400
1388,61,2025-09-18,2025-09-18 13:35:30,002886.SZ,B,24.400,1900
1389,58,2025-09-18,2025-09-18 13:35:28,002886.SZ,B,24.400,700
1390,61,2025-09-18,2025-09-18 13:35:24,600301.SH,B,31.140,100
1391,61,2025-09-18,2025-09-18 13:35:13,002772.SZ,B,10.170,200
1392,59,2025-09-18,2025-09-18 13:35:09,603089.SH,B,17.090,600
1393,58,2025-09-18,2025-09-18 13:35:09,600151.SH,B,8.410,1200
1394,52,2025-09-18,2025-09-18 13:34:52,301176.SZ,S,29.260,100
1395,58,2025-09-18,2025-09-18 13:34:58,300650.SZ,S,16.720,400
1396,61,2025-09-18,2025-09-18 13:34:49,000657.SZ,S,18.510,300
1397,52,2025-09-18,2025-09-18 13:34:41,300465.SZ,S,25.500,200
1398,59,2025-09-18,2025-09-18 13:34:37,300465.SZ,S,25.510,200
1399,59,2025-09-18,2025-09-18 13:34:37,300465.SZ,S,25.510,100
1400,58,2025-09-18,2025-09-18 13:34:33,002020.SZ,B,20.450,300
1401,58,2025-09-18,2025-09-18 13:34:33,002020.SZ,B,20.450,200
1402,59,2025-09-18,2025-09-18 13:34:21,002520.SZ,B,7.350,100
1403,59,2025-09-18,2025-09-18 13:34:10,300435.SZ,B,19.980,100
1404,58,2025-09-18,2025-09-18 13:34:09,300428.SZ,B,24.340,100
1405,58,2025-09-18,2025-09-18 13:34:09,300428.SZ,B,24.340,100
1406,58,2025-09-18,2025-09-18 13:33:59,300428.SZ,B,24.340,100
1407,58,2025-09-18,2025-09-18 13:33:59,601958.SH,B,15.010,500
1408,52,2025-09-18,2025-09-18 13:33:58,601958.SH,B,15.010,600
1409,52,2025-09-18,2025-09-18 13:33:58,300428.SZ,B,24.340,400
1410,58,2025-09-18,2025-09-18 13:33:55,300918.SZ,S,24.540,200
1411,61,2025-09-18,2025-09-18 13:33:50,600156.SH,S,8.700,600
1412,58,2025-09-18,2025-09-18 13:33:50,600156.SH,S,8.700,600
1413,58,2025-09-18,2025-09-18 13:33:50,600156.SH,S,8.700,200
1414,59,2025-09-18,2025-09-18 13:33:50,600156.SH,S,8.700,500
1415,52,2025-09-18,2025-09-18 13:33:49,600156.SH,S,8.700,300
1416,52,2025-09-18,2025-09-18 13:31:56,603127.SH,S,41.200,400
1417,59,2025-09-18,2025-09-18 13:33:48,600582.SH,S,6.010,100
1418,61,2025-09-18,2025-09-18 13:33:46,601515.SH,S,4.790,100
1419,59,2025-09-18,2025-09-18 13:33:44,601515.SH,S,4.790,100
1420,61,2025-09-18,2025-09-18 13:33:39,688141.SH,S,52.750,310
1421,58,2025-09-18,2025-09-18 13:33:37,002426.SZ,B,3.880,500
1422,52,2025-09-18,2025-09-18 13:32:10,002426.SZ,B,3.880,200
1423,58,2025-09-18,2025-09-18 13:33:36,000659.SZ,B,3.020,1600
1424,58,2025-09-18,2025-09-18 13:33:33,600819.SH,B,7.040,1000
1425,61,2025-09-18,2025-09-18 13:33:31,603089.SH,B,17.090,1700
1426,58,2025-09-18,2025-09-18 13:33:28,301176.SZ,S,29.310,200
1427,61,2025-09-18,2025-09-18 13:33:21,300258.SZ,B,16.910,1000
1428,58,2025-09-18,2025-09-18 13:33:20,300258.SZ,B,16.910,500
1429,59,2025-09-18,2025-09-18 13:33:20,300258.SZ,B,16.910,100
1430,58,2025-09-18,2025-09-18 13:33:15,000659.SZ,B,3.030,3000
1431,52,2025-09-18,2025-09-18 13:33:04,600933.SH,S,21.820,200
1432,61,2025-09-18,2025-09-18 13:33:10,600151.SH,B,8.420,1000
1433,59,2025-09-18,2025-09-18 13:32:47,601958.SH,B,15.040,100
1434,58,2025-09-18,2025-09-18 13:32:47,603019.SH,B,111.490,300
1435,61,2025-09-18,2025-09-18 13:32:44,603019.SH,B,111.490,300
1436,59,2025-09-18,2025-09-18 13:32:44,603019.SH,B,111.470,100
1437,58,2025-09-18,2025-09-18 13:32:36,002886.SZ,B,24.350,300
1438,61,2025-09-18,2025-09-18 13:32:31,002624.SZ,B,19.290,600
1439,61,2025-09-18,2025-09-18 13:32:27,603988.SH,S,31.730,300
1440,59,2025-09-18,2025-09-18 13:32:25,002624.SZ,B,19.300,300
1441,59,2025-09-18,2025-09-18 13:32:25,603988.SH,S,31.730,200
1442,61,2025-09-18,2025-09-18 13:32:23,603988.SH,S,31.730,100
1443,58,2025-09-18,2025-09-18 13:32:15,002624.SZ,B,19.310,700
1444,59,2025-09-18,2025-09-18 13:32:15,603993.SH,B,12.600,500
1445,52,2025-09-18,2025-09-18 13:32:14,002624.SZ,B,19.310,600
1446,61,2025-09-18,2025-09-18 13:32:11,601865.SH,S,18.290,300
1447,59,2025-09-18,2025-09-18 13:32:11,601865.SH,S,18.290,100
1448,58,2025-09-18,2025-09-18 13:32:10,002590.SZ,B,15.810,400
1449,61,2025-09-18,2025-09-18 13:32:11,300317.SZ,S,4.430,700
1450,52,2025-09-18,2025-09-18 13:32:10,601865.SH,S,18.290,100
1451,58,2025-09-18,2025-09-18 13:32:09,601865.SH,S,18.290,300
1452,52,2025-09-18,2025-09-18 13:31:42,601515.SH,S,4.770,100
1453,58,2025-09-18,2025-09-18 13:32:07,002548.SZ,S,5.100,7700
1454,59,2025-09-18,2025-09-18 13:32:05,002020.SZ,B,20.470,200
1455,61,2025-09-18,2025-09-18 13:32:04,002426.SZ,B,3.890,600
1456,59,2025-09-18,2025-09-18 13:32:03,002020.SZ,B,20.470,100
1457,61,2025-09-18,2025-09-18 13:32:03,002020.SZ,B,20.470,100
1458,61,2025-09-18,2025-09-18 13:32:03,002020.SZ,B,20.470,300
1459,61,2025-09-18,2025-09-18 13:32:01,601606.SH,B,47.640,100
1460,61,2025-09-18,2025-09-18 13:32:01,601606.SH,B,47.640,100
1461,52,2025-09-18,2025-09-18 13:31:56,603109.SH,S,32.440,100
1462,52,2025-09-18,2025-09-18 13:31:55,300918.SZ,S,24.660,300
1463,59,2025-09-18,2025-09-18 13:32:01,300317.SZ,S,4.430,300
1464,61,2025-09-18,2025-09-18 13:32:01,600340.SH,B,2.410,500
1465,61,2025-09-18,2025-09-18 13:32:01,600340.SH,B,2.410,500
1466,61,2025-09-18,2025-09-18 13:32:01,600340.SH,B,2.410,5200
1467,61,2025-09-18,2025-09-18 13:32:01,000603.SZ,B,20.650,200
1468,59,2025-09-18,2025-09-18 13:32:01,600340.SH,B,2.410,2400
1469,58,2025-09-18,2025-09-18 13:31:59,002073.SZ,S,8.960,600
1470,61,2025-09-18,2025-09-18 13:32:00,301568.SZ,S,51.250,100
1471,61,2025-09-18,2025-09-18 13:31:59,300465.SZ,S,25.570,600
1472,58,2025-09-18,2025-09-18 13:31:58,300465.SZ,S,25.570,600
1473,58,2025-09-18,2025-09-18 13:31:58,300918.SZ,S,24.660,100
1474,58,2025-09-18,2025-09-18 13:31:56,300918.SZ,S,24.660,100
1475,59,2025-09-18,2025-09-18 13:31:56,300918.SZ,S,24.660,200
1476,61,2025-09-18,2025-09-18 13:31:53,601975.SH,B,3.290,400
1477,59,2025-09-18,2025-09-18 13:31:51,300172.SZ,S,5.400,100
1478,61,2025-09-18,2025-09-18 13:31:50,300918.SZ,S,24.660,100
1479,61,2025-09-18,2025-09-18 13:31:50,300918.SZ,S,24.660,300
1480,58,2025-09-18,2025-09-18 13:31:49,605319.SH,B,35.980,200
1481,61,2025-09-18,2025-09-18 13:31:44,603988.SH,S,31.410,100
1482,58,2025-09-18,2025-09-18 13:31:45,300551.SZ,S,13.060,100
1483,58,2025-09-18,2025-09-18 13:31:44,688141.SH,S,53.040,252
1484,52,2025-09-18,2025-09-18 13:31:41,601288.SH,S,6.830,100
1485,58,2025-09-18,2025-09-18 13:31:41,603988.SH,S,31.430,300
1486,58,2025-09-18,2025-09-18 13:31:41,300731.SZ,S,51.720,100
1487,58,2025-09-18,2025-09-18 13:31:40,603988.SH,S,31.430,300
1488,59,2025-09-18,2025-09-18 13:31:40,300731.SZ,S,51.720,100
1489,52,2025-09-18,2025-09-18 13:31:33,000823.SZ,S,14.650,400
1490,61,2025-09-18,2025-09-18 13:31:39,300731.SZ,S,51.720,200
1491,52,2025-09-18,2025-09-18 13:31:18,002548.SZ,S,5.100,1300
1492,52,2025-09-18,2025-09-18 13:31:18,002548.SZ,S,5.100,100
1493,52,2025-09-18,2025-09-18 13:31:18,002548.SZ,S,5.100,500
1494,52,2025-09-18,2025-09-18 13:31:37,603988.SH,S,31.430,100
1495,52,2025-09-18,2025-09-18 13:31:33,000823.SZ,S,14.650,100
1496,52,2025-09-18,2025-09-18 13:31:36,600819.SH,B,7.050,700
1497,52,2025-09-18,2025-09-18 13:31:18,002548.SZ,S,5.100,200
1498,58,2025-09-18,2025-09-18 13:31:36,000823.SZ,S,14.650,900
1499,52,2025-09-18,2025-09-18 13:31:33,000823.SZ,S,14.650,100
1500,52,2025-09-18,2025-09-18 13:31:18,002548.SZ,S,5.100,600
1501,58,2025-09-18,2025-09-18 13:31:32,603659.SH,S,27.010,100
1502,59,2025-09-18,2025-09-18 13:31:33,600819.SH,B,7.050,900
1503,61,2025-09-18,2025-09-18 13:31:31,603659.SH,S,27.000,100
1504,58,2025-09-18,2025-09-18 13:31:31,603127.SH,S,41.050,400
1505,58,2025-09-18,2025-09-18 13:31:31,603127.SH,S,41.060,1400
1506,59,2025-09-18,2025-09-18 13:31:32,000823.SZ,S,14.650,100
1507,61,2025-09-18,2025-09-18 13:31:31,000823.SZ,S,14.650,2100
1508,61,2025-09-18,2025-09-18 13:31:31,600933.SH,S,21.900,200
1509,59,2025-09-18,2025-09-18 13:31:31,000823.SZ,S,14.650,300
1510,59,2025-09-18,2025-09-18 13:31:31,000823.SZ,S,14.650,500
1511,61,2025-09-18,2025-09-18 13:31:28,300551.SZ,S,13.070,100
1512,59,2025-09-18,2025-09-18 13:31:29,300551.SZ,S,13.070,100
1513,59,2025-09-18,2025-09-18 13:31:28,002506.SZ,B,2.780,1200
1514,58,2025-09-18,2025-09-18 13:31:27,002548.SZ,S,5.100,600
1515,59,2025-09-18,2025-09-18 13:31:27,000753.SZ,B,7.430,100
1516,59,2025-09-18,2025-09-18 13:31:25,603109.SH,S,32.440,100
1517,61,2025-09-18,2025-09-18 13:31:24,603109.SH,S,32.440,100
1518,58,2025-09-18,2025-09-18 13:31:24,603109.SH,S,32.440,100
1519,61,2025-09-18,2025-09-18 13:31:20,000592.SZ,B,3.500,2300
1520,59,2025-09-18,2025-09-18 13:31:20,000592.SZ,B,3.500,600
1521,61,2025-09-18,2025-09-18 13:31:18,603127.SH,S,41.020,800
1522,59,2025-09-18,2025-09-18 13:31:18,603127.SH,S,41.020,100
1523,59,2025-09-18,2025-09-18 13:31:18,603127.SH,S,41.020,100
1524,59,2025-09-18,2025-09-18 13:31:18,603127.SH,S,41.020,100
1525,61,2025-09-18,2025-09-18 13:31:19,603993.SH,B,12.610,800
1526,52,2025-09-18,2025-09-18 13:31:18,600284.SH,S,10.180,100
1527,61,2025-09-18,2025-09-18 13:31:17,600284.SH,S,10.170,100
1528,61,2025-09-18,2025-09-18 13:31:16,300449.SZ,B,8.170,400
1529,61,2025-09-18,2025-09-18 13:31:16,600819.SH,B,7.050,3400
1530,58,2025-09-18,2025-09-18 13:31:16,000753.SZ,B,7.430,100
1531,61,2025-09-18,2025-09-18 13:28:04,603660.SH,B,8.320,500
1532,61,2025-09-18,2025-09-18 13:28:02,002590.SZ,B,15.780,300
1533,52,2025-09-18,2025-09-18 13:27:42,600015.SH,S,6.850,100
1534,59,2025-09-18,2025-09-18 13:27:32,301292.SZ,B,19.020,200
1535,52,2025-09-18,2025-09-18 13:26:59,603773.SH,B,35.450,100
1536,59,2025-09-18,2025-09-18 13:27:02,603269.SH,S,13.340,200
1537,61,2025-09-18,2025-09-18 13:27:02,603269.SH,S,13.340,600
1538,61,2025-09-18,2025-09-18 13:27:02,688403.SH,S,16.020,235
1539,61,2025-09-18,2025-09-18 13:27:00,603660.SH,B,8.310,100
1540,61,2025-09-18,2025-09-18 13:26:57,603660.SH,B,8.310,100
1541,61,2025-09-18,2025-09-18 13:26:57,603660.SH,B,8.310,200
1542,52,2025-09-18,2025-09-18 13:26:54,603269.SH,S,13.300,100
1543,59,2025-09-18,2025-09-18 13:26:11,300197.SZ,S,2.510,100
1544,61,2025-09-18,2025-09-18 13:26:10,300197.SZ,S,2.510,100
1545,61,2025-09-18,2025-09-18 13:25:56,000657.SZ,B,18.480,200
1546,61,2025-09-18,2025-09-18 13:24:44,002590.SZ,B,15.840,4300
1547,52,2025-09-18,2025-09-18 13:24:45,002632.SZ,S,11.070,200
1548,52,2025-09-18,2025-09-18 13:24:34,002100.SZ,S,7.640,100
1549,59,2025-09-18,2025-09-18 13:24:27,300428.SZ,B,24.400,300
1550,58,2025-09-18,2025-09-18 13:24:25,000657.SZ,B,18.530,600
1551,61,2025-09-18,2025-09-18 13:24:26,000657.SZ,B,18.510,300
1552,52,2025-09-18,2025-09-18 13:24:24,601958.SH,B,15.060,200
1553,59,2025-09-18,2025-09-18 13:24:23,300428.SZ,B,24.400,300
1554,61,2025-09-18,2025-09-18 13:24:21,603988.SH,S,31.540,100
1555,61,2025-09-18,2025-09-18 13:24:19,002632.SZ,S,11.060,100
1556,61,2025-09-18,2025-09-18 13:24:19,002632.SZ,S,11.060,200
1557,61,2025-09-18,2025-09-18 13:24:19,002632.SZ,S,11.060,100
1558,58,2025-09-18,2025-09-18 13:24:07,002100.SZ,S,7.660,100
1559,59,2025-09-18,2025-09-18 13:24:06,300486.SZ,B,22.710,100
1560,58,2025-09-18,2025-09-18 13:23:52,300435.SZ,B,20.020,200
1561,52,2025-09-18,2025-09-18 13:23:47,601658.SH,S,6.120,100
1562,59,2025-09-18,2025-09-18 13:23:46,603978.SH,S,21.010,600
1563,58,2025-09-18,2025-09-18 13:23:46,603978.SH,S,21.010,600
1564,61,2025-09-18,2025-09-18 13:23:46,603978.SH,S,21.010,1300
1565,59,2025-09-18,2025-09-18 13:23:45,002706.SZ,S,11.920,100
1566,61,2025-09-18,2025-09-18 13:23:30,002590.SZ,B,15.870,200
1567,52,2025-09-18,2025-09-18 13:21:19,601339.SH,S,5.450,100
1568,61,2025-09-18,2025-09-18 13:23:08,300435.SZ,B,19.990,600
1569,52,2025-09-18,2025-09-18 13:23:07,000001.SZ,S,11.530,100
1570,58,2025-09-18,2025-09-18 13:23:00,300428.SZ,B,24.440,100
1571,58,2025-09-18,2025-09-18 13:23:00,300428.SZ,B,24.440,100
1572,59,2025-09-18,2025-09-18 13:22:54,600732.SH,B,16.060,200
1573,58,2025-09-18,2025-09-18 13:22:54,300428.SZ,B,24.440,1100
1574,58,2025-09-18,2025-09-18 13:22:43,601958.SH,B,15.080,300
1575,61,2025-09-18,2025-09-18 13:22:43,603138.SH,S,17.830,200
1576,59,2025-09-18,2025-09-18 13:22:43,002824.SZ,B,19.820,100
1577,58,2025-09-18,2025-09-18 13:22:43,603138.SH,S,17.830,200
1578,61,2025-09-18,2025-09-18 13:22:29,000061.SZ,S,9.470,900
1579,61,2025-09-18,2025-09-18 13:22:29,000061.SZ,S,9.470,1300
1580,61,2025-09-18,2025-09-18 13:22:25,000061.SZ,S,9.470,500
1581,61,2025-09-18,2025-09-18 13:22:25,000061.SZ,S,9.470,1300
1582,61,2025-09-18,2025-09-18 13:22:20,002062.SZ,S,11.080,200
1583,59,2025-09-18,2025-09-18 13:22:17,000061.SZ,S,9.470,1200
1584,58,2025-09-18,2025-09-18 13:22:17,000061.SZ,S,9.470,3400
1585,59,2025-09-18,2025-09-18 13:22:16,600212.SH,B,8.310,100
1586,59,2025-09-18,2025-09-18 13:22:08,002865.SZ,B,44.360,100
1587,61,2025-09-18,2025-09-18 13:22:01,002590.SZ,B,15.840,200
1588,59,2025-09-18,2025-09-18 13:22:00,300428.SZ,B,24.410,300
1589,52,2025-09-18,2025-09-18 13:21:53,000657.SZ,B,18.510,200
1590,58,2025-09-18,2025-09-18 13:21:39,002590.SZ,B,15.840,1500
1591,52,2025-09-18,2025-09-18 13:21:33,002590.SZ,B,15.840,400
1592,52,2025-09-18,2025-09-18 13:21:33,002590.SZ,B,15.840,100
1593,52,2025-09-18,2025-09-18 13:21:35,603659.SH,S,26.910,100
1594,59,2025-09-18,2025-09-18 13:21:10,601606.SH,B,47.600,100
1595,59,2025-09-18,2025-09-18 13:21:07,300243.SZ,S,11.550,100
1596,61,2025-09-18,2025-09-18 13:21:07,300243.SZ,S,11.550,100
1597,52,2025-09-18,2025-09-18 13:21:06,603127.SH,S,41.150,100
1598,59,2025-09-18,2025-09-18 13:21:01,603878.SH,S,7.310,300
1599,61,2025-09-18,2025-09-18 13:20:59,603878.SH,S,7.320,700
1600,52,2025-09-18,2025-09-18 13:20:35,600713.SH,S,5.070,100
1601,52,2025-09-18,2025-09-18 13:20:31,600011.SH,S,7.460,100
1602,59,2025-09-18,2025-09-18 13:20:16,002511.SZ,S,8.560,100
1603,58,2025-09-18,2025-09-18 13:20:00,603660.SH,B,8.330,100
1604,58,2025-09-18,2025-09-18 13:19:58,603660.SH,B,8.330,100
1605,52,2025-09-18,2025-09-18 13:19:41,603660.SH,B,8.330,200
1606,58,2025-09-18,2025-09-18 13:19:52,603660.SH,B,8.330,400
1607,61,2025-09-18,2025-09-18 13:19:51,000753.SZ,B,7.410,1100
1608,59,2025-09-18,2025-09-18 13:19:51,000753.SZ,B,7.410,100
1609,59,2025-09-18,2025-09-18 13:19:50,603660.SH,B,8.340,100
1610,52,2025-09-18,2025-09-18 13:19:43,002590.SZ,B,15.890,600
1611,58,2025-09-18,2025-09-18 13:19:47,300903.SZ,B,13.030,200
1612,61,2025-09-18,2025-09-18 13:19:46,300903.SZ,B,13.030,200
1613,58,2025-09-18,2025-09-18 13:19:43,002590.SZ,B,15.890,1500
1614,52,2025-09-18,2025-09-18 13:19:40,601766.SH,S,7.590,100
1615,52,2025-09-18,2025-09-18 13:16:40,600516.SH,S,5.310,200
1616,59,2025-09-18,2025-09-18 13:19:11,300602.SZ,S,37.270,100
1617,59,2025-09-18,2025-09-18 13:19:10,605228.SH,S,18.720,100
1618,52,2025-09-18,2025-09-18 13:16:22,000600.SZ,S,7.270,100
1619,58,2025-09-18,2025-09-18 13:19:03,300243.SZ,S,11.560,100
1620,58,2025-09-18,2025-09-18 13:19:02,300324.SZ,S,7.580,100
1621,52,2025-09-18,2025-09-18 13:19:00,603978.SH,S,21.000,200
1622,52,2025-09-18,2025-09-18 13:19:00,603978.SH,S,21.000,100
1623,58,2025-09-18,2025-09-18 13:18:56,603978.SH,S,21.010,700
1624,59,2025-09-18,2025-09-18 13:18:54,600795.SH,S,5.100,100
1625,58,2025-09-18,2025-09-18 13:18:44,000603.SZ,B,20.720,200
1626,58,2025-09-18,2025-09-18 13:18:42,600933.SH,B,22.000,400
1627,52,2025-09-18,2025-09-18 13:18:41,600933.SH,B,22.000,400
1628,59,2025-09-18,2025-09-18 13:18:22,300435.SZ,B,19.990,200
1629,61,2025-09-18,2025-09-18 13:18:21,300435.SZ,B,19.990,700
1630,58,2025-09-18,2025-09-18 13:18:22,300435.SZ,B,19.990,100
1631,58,2025-09-18,2025-09-18 13:18:22,300435.SZ,B,19.990,100
1632,58,2025-09-18,2025-09-18 13:18:22,300435.SZ,B,19.990,300
1633,58,2025-09-18,2025-09-18 13:18:22,300435.SZ,B,19.990,100
1634,58,2025-09-18,2025-09-18 13:18:16,000753.SZ,B,7.420,600
