,fund_id,trade_dt,trade_time,s_info_windcode,direction,price,qty
0,60,2025-10-22,2025-10-22 15:00:00,600623.SH,S,8.060,300
1,60,2025-10-22,2025-10-22 14:56:53,601018.SH,S,3.840,100
2,49,2025-10-22,2025-10-22 14:56:57,600170.SH,B,2.940,300
3,60,2025-10-22,2025-10-22 14:56:57,600170.SH,B,2.940,300
4,49,2025-10-22,2025-10-22 14:56:57,600170.SH,B,2.940,100
5,60,2025-10-22,2025-10-22 14:56:57,600170.SH,B,2.940,1500
6,49,2025-10-22,2025-10-22 14:56:57,600170.SH,B,2.940,900
7,60,2025-10-22,2025-10-22 14:56:57,600170.SH,B,2.940,2700
8,49,2025-10-22,2025-10-22 14:56:57,600170.SH,B,2.940,500
9,49,2025-10-22,2025-10-22 14:56:57,300078.SZ,B,3.460,400
10,49,2025-10-22,2025-10-22 14:56:57,600170.SH,B,2.940,200
11,49,2025-10-22,2025-10-22 14:56:57,300078.SZ,B,3.460,100
12,49,2025-10-22,2025-10-22 14:56:57,000927.SZ,B,2.790,1500
13,49,2025-10-22,2025-10-22 14:56:57,300078.SZ,B,3.460,200
14,49,2025-10-22,2025-10-22 14:56:57,002573.SZ,B,4.060,100
15,49,2025-10-22,2025-10-22 14:56:57,601828.SH,B,2.850,960
16,49,2025-10-22,2025-10-22 14:56:57,002172.SZ,B,4.270,700
17,49,2025-10-22,2025-10-22 14:56:57,601828.SH,B,2.850,1340
18,49,2025-10-22,2025-10-22 14:56:57,002431.SZ,B,2.530,300
19,60,2025-10-22,2025-10-22 14:56:53,601018.SH,S,3.840,7800
20,60,2025-10-22,2025-10-22 14:56:53,601018.SH,S,3.840,100
21,60,2025-10-22,2025-10-22 14:56:53,601018.SH,S,3.840,2000
22,60,2025-10-22,2025-10-22 14:56:53,601018.SH,S,3.840,400
23,60,2025-10-22,2025-10-22 14:56:53,601018.SH,S,3.840,700
24,60,2025-10-22,2025-10-22 14:56:53,601018.SH,S,3.840,700
25,60,2025-10-22,2025-10-22 14:56:53,601018.SH,S,3.840,1000
26,60,2025-10-22,2025-10-22 14:56:53,601018.SH,S,3.840,800
27,60,2025-10-22,2025-10-22 14:56:53,601018.SH,S,3.840,400
28,60,2025-10-22,2025-10-22 14:56:53,601018.SH,S,3.840,1100
29,60,2025-10-22,2025-10-22 14:56:53,601018.SH,S,3.840,700
30,60,2025-10-22,2025-10-22 14:56:53,601018.SH,S,3.840,900
31,60,2025-10-22,2025-10-22 14:56:53,600011.SH,S,7.570,400
32,49,2025-10-22,2025-10-22 14:56:53,000650.SZ,S,6.240,100
33,60,2025-10-22,2025-10-22 14:56:53,000778.SZ,S,3.950,22200
34,60,2025-10-22,2025-10-22 14:56:53,002573.SZ,S,4.050,400
35,52,2025-10-22,2025-10-22 14:56:49,603307.SH,S,45.670,100
36,52,2025-10-22,2025-10-22 14:56:44,688062.SH,B,44.790,208
37,52,2025-10-22,2025-10-22 14:56:44,688062.SH,B,44.790,100
38,60,2025-10-22,2025-10-22 14:56:38,603806.SH,S,14.830,3800
39,49,2025-10-22,2025-10-22 14:56:37,300185.SZ,S,3.160,600
40,58,2025-10-22,2025-10-22 14:56:35,603307.SH,S,45.680,400
41,60,2025-10-22,2025-10-22 14:56:35,601872.SH,S,8.530,580
42,60,2025-10-22,2025-10-22 14:56:35,601872.SH,S,8.530,120
43,60,2025-10-22,2025-10-22 14:56:32,688008.SH,B,136.420,63
44,60,2025-10-22,2025-10-22 14:56:32,688008.SH,B,136.420,639
45,60,2025-10-22,2025-10-22 14:56:31,000401.SZ,S,5.040,500
46,58,2025-10-22,2025-10-22 14:56:25,301105.SZ,S,46.220,100
47,52,2025-10-22,2025-10-22 14:56:30,300748.SZ,B,38.470,200
48,60,2025-10-22,2025-10-22 14:56:31,001203.SZ,B,13.420,3812
49,60,2025-10-22,2025-10-22 14:56:31,001203.SZ,B,13.420,600
50,60,2025-10-22,2025-10-22 14:56:31,001203.SZ,B,13.420,300
51,60,2025-10-22,2025-10-22 14:56:31,001203.SZ,B,13.420,400
52,60,2025-10-22,2025-10-22 14:56:31,001203.SZ,B,13.420,1800
53,60,2025-10-22,2025-10-22 14:56:31,001203.SZ,B,13.420,600
54,60,2025-10-22,2025-10-22 14:56:31,001203.SZ,B,13.420,1100
55,60,2025-10-22,2025-10-22 14:56:31,001203.SZ,B,13.420,88
56,60,2025-10-22,2025-10-22 14:56:30,601868.SH,B,2.500,25900
57,61,2025-10-22,2025-10-22 14:56:30,600022.SH,S,1.660,300
58,49,2025-10-22,2025-10-22 14:56:30,601908.SH,B,4.110,1600
59,60,2025-10-22,2025-10-22 14:56:30,601669.SH,B,5.760,700
60,60,2025-10-22,2025-10-22 14:56:30,601908.SH,B,4.110,400
61,49,2025-10-22,2025-10-22 14:56:30,000725.SZ,B,4.030,500
62,49,2025-10-22,2025-10-22 14:56:29,002302.SZ,B,6.980,200
63,61,2025-10-22,2025-10-22 14:56:30,600022.SH,S,1.660,100
64,49,2025-10-22,2025-10-22 14:56:29,002565.SZ,B,6.990,200
65,60,2025-10-22,2025-10-22 14:56:30,000564.SZ,B,2.670,100
66,60,2025-10-22,2025-10-22 14:56:30,000725.SZ,S,4.020,18000
67,52,2025-10-22,2025-10-22 14:56:26,301105.SZ,S,46.220,100
68,60,2025-10-22,2025-10-22 14:56:28,603019.SH,B,109.680,500
69,60,2025-10-22,2025-10-22 14:56:28,603019.SH,B,109.670,100
70,49,2025-10-22,2025-10-22 14:56:28,000959.SZ,B,4.180,700
71,60,2025-10-22,2025-10-22 14:56:27,601908.SH,B,4.110,1000
72,49,2025-10-22,2025-10-22 14:56:27,300215.SZ,B,6.030,100
73,60,2025-10-22,2025-10-22 14:56:26,601600.SH,B,8.720,1990
74,60,2025-10-22,2025-10-22 14:56:26,601600.SH,B,8.720,800
75,60,2025-10-22,2025-10-22 14:56:26,601600.SH,B,8.720,4410
76,60,2025-10-22,2025-10-22 14:56:26,300827.SZ,S,29.330,400
77,60,2025-10-22,2025-10-22 14:56:26,300827.SZ,S,29.330,100
78,60,2025-10-22,2025-10-22 14:56:26,300827.SZ,S,29.330,100
79,60,2025-10-22,2025-10-22 14:56:26,600519.SH,B,1460.000,100
80,60,2025-10-22,2025-10-22 14:56:26,300229.SZ,S,19.510,500
81,60,2025-10-22,2025-10-22 14:56:26,300642.SZ,B,25.850,300
82,60,2025-10-22,2025-10-22 14:56:26,603626.SH,B,12.730,400
83,60,2025-10-22,2025-10-22 14:56:26,601138.SH,S,65.450,100
84,61,2025-10-22,2025-10-22 14:56:26,300655.SZ,B,13.760,400
85,49,2025-10-22,2025-10-22 14:56:26,000021.SZ,B,27.830,200
86,58,2025-10-22,2025-10-22 14:56:25,301105.SZ,S,46.220,100
87,60,2025-10-22,2025-10-22 14:56:25,601658.SH,B,5.740,1200
88,60,2025-10-22,2025-10-22 14:56:25,601658.SH,B,5.740,3100
89,60,2025-10-22,2025-10-22 14:56:25,601658.SH,B,5.740,200
90,60,2025-10-22,2025-10-22 14:56:24,601319.SH,B,8.670,700
91,49,2025-10-22,2025-10-22 14:56:24,000630.SZ,B,5.410,800
92,61,2025-10-22,2025-10-22 14:56:24,003016.SZ,S,8.460,900
93,60,2025-10-22,2025-10-22 14:56:24,601319.SH,B,8.670,600
94,60,2025-10-22,2025-10-22 14:56:24,000630.SZ,B,5.410,2100
95,60,2025-10-22,2025-10-22 14:56:24,601319.SH,B,8.670,300
96,60,2025-10-22,2025-10-22 14:56:24,000630.SZ,B,5.410,1600
97,60,2025-10-22,2025-10-22 14:56:24,601319.SH,B,8.670,500
98,60,2025-10-22,2025-10-22 14:56:25,002283.SZ,S,6.360,900
99,60,2025-10-22,2025-10-22 14:56:24,601319.SH,B,8.670,200
100,60,2025-10-22,2025-10-22 14:56:24,000630.SZ,B,5.410,1000
101,60,2025-10-22,2025-10-22 14:56:24,601319.SH,B,8.670,600
102,60,2025-10-22,2025-10-22 14:56:25,002283.SZ,S,6.360,200
103,60,2025-10-22,2025-10-22 14:56:25,600460.SH,B,31.190,300
104,60,2025-10-22,2025-10-22 14:56:24,000630.SZ,B,5.410,100
105,60,2025-10-22,2025-10-22 14:56:25,300007.SZ,S,54.480,200
106,60,2025-10-22,2025-10-22 14:56:24,000630.SZ,B,5.410,1700
107,60,2025-10-22,2025-10-22 14:56:24,601319.SH,B,8.670,500
108,49,2025-10-22,2025-10-22 14:56:25,300304.SZ,B,12.000,500
109,49,2025-10-22,2025-10-22 14:56:25,000633.SZ,B,6.830,500
110,60,2025-10-22,2025-10-22 14:56:24,601319.SH,B,8.670,1200
111,60,2025-10-22,2025-10-22 14:56:24,600208.SH,B,4.450,2100
112,60,2025-10-22,2025-10-22 14:56:24,601319.SH,B,8.670,600
113,60,2025-10-22,2025-10-22 14:56:24,601319.SH,B,8.670,300
114,60,2025-10-22,2025-10-22 14:56:24,601615.SH,B,15.370,500
115,49,2025-10-22,2025-10-22 14:56:24,300043.SZ,B,6.380,700
116,60,2025-10-22,2025-10-22 14:56:24,603588.SH,S,7.470,1200
117,60,2025-10-22,2025-10-22 14:56:24,600438.SH,B,22.470,800
118,60,2025-10-22,2025-10-22 14:56:24,002380.SZ,B,30.330,300
119,49,2025-10-22,2025-10-22 14:56:24,300369.SZ,B,7.500,1800
120,49,2025-10-22,2025-10-22 14:56:24,002459.SZ,B,12.950,400
121,59,2025-10-22,2025-10-22 14:56:24,603307.SH,S,45.680,200
122,60,2025-10-22,2025-10-22 14:56:23,603030.SH,B,3.390,1300
123,49,2025-10-22,2025-10-22 14:56:23,688062.SH,B,44.720,213
124,60,2025-10-22,2025-10-22 14:56:24,000100.SZ,S,4.150,700
125,49,2025-10-22,2025-10-22 14:56:23,603863.SH,B,18.210,200
126,60,2025-10-22,2025-10-22 14:56:23,601600.SH,B,8.720,14700
127,60,2025-10-22,2025-10-22 14:56:23,300433.SZ,B,29.470,900
128,61,2025-10-22,2025-10-22 14:56:24,603307.SH,S,45.680,200
129,61,2025-10-22,2025-10-22 14:56:23,603307.SH,S,45.680,100
130,61,2025-10-22,2025-10-22 14:56:23,603307.SH,S,45.680,100
131,61,2025-10-22,2025-10-22 14:56:23,603307.SH,S,45.680,200
132,49,2025-10-22,2025-10-22 14:56:23,002378.SZ,B,12.100,500
133,60,2025-10-22,2025-10-22 14:56:23,601390.SH,B,5.730,5300
134,60,2025-10-22,2025-10-22 14:56:23,300468.SZ,B,37.150,100
135,49,2025-10-22,2025-10-22 14:56:23,300068.SZ,B,17.010,200
136,60,2025-10-22,2025-10-22 14:56:22,600167.SH,S,8.790,1100
137,60,2025-10-22,2025-10-22 14:56:22,300790.SZ,S,29.600,100
138,60,2025-10-22,2025-10-22 14:56:22,002459.SZ,B,12.950,800
139,60,2025-10-22,2025-10-22 14:56:22,300790.SZ,S,29.600,100
140,60,2025-10-22,2025-10-22 14:56:22,002459.SZ,B,12.950,1000
141,60,2025-10-22,2025-10-22 14:56:22,300790.SZ,S,29.600,100
142,61,2025-10-22,2025-10-22 14:56:22,688062.SH,B,44.720,569
143,60,2025-10-22,2025-10-22 14:56:22,300790.SZ,S,29.600,100
144,61,2025-10-22,2025-10-22 14:56:22,688062.SH,B,44.720,200
145,49,2025-10-22,2025-10-22 14:56:21,000655.SZ,S,9.760,400
146,49,2025-10-22,2025-10-22 14:56:22,000751.SZ,B,3.850,1300
147,60,2025-10-22,2025-10-22 14:56:22,300790.SZ,S,29.600,200
148,60,2025-10-22,2025-10-22 14:56:22,000932.SZ,S,5.930,7400
149,49,2025-10-22,2025-10-22 14:56:21,002497.SZ,B,15.660,400
150,60,2025-10-22,2025-10-22 14:56:21,002733.SZ,S,20.010,300
151,60,2025-10-22,2025-10-22 14:56:21,002733.SZ,S,20.010,200
152,60,2025-10-22,2025-10-22 14:56:21,002733.SZ,S,20.010,900
153,60,2025-10-22,2025-10-22 14:56:21,002378.SZ,S,12.090,1000
154,49,2025-10-22,2025-10-22 14:56:21,002774.SZ,S,10.220,1000
155,60,2025-10-22,2025-10-22 14:56:21,301413.SZ,S,150.450,100
156,60,2025-10-22,2025-10-22 14:56:21,601319.SH,B,8.670,600
157,60,2025-10-22,2025-10-22 14:56:21,601319.SH,B,8.670,700
158,60,2025-10-22,2025-10-22 14:56:21,601319.SH,B,8.670,1000
159,60,2025-10-22,2025-10-22 14:56:21,601319.SH,B,8.670,100
160,60,2025-10-22,2025-10-22 14:56:21,601319.SH,B,8.670,700
161,60,2025-10-22,2025-10-22 14:56:21,601319.SH,B,8.670,1300
162,60,2025-10-22,2025-10-22 14:56:21,601319.SH,B,8.670,1000
163,60,2025-10-22,2025-10-22 14:56:21,601319.SH,B,8.670,500
164,58,2025-10-22,2025-10-22 14:56:14,002679.SZ,S,11.020,1600
165,49,2025-10-22,2025-10-22 14:56:21,603307.SH,S,45.780,100
166,60,2025-10-22,2025-10-22 14:56:20,603288.SH,S,38.640,79
167,60,2025-10-22,2025-10-22 14:56:21,300274.SZ,B,149.310,100
168,60,2025-10-22,2025-10-22 14:56:21,301413.SZ,S,150.450,100
169,60,2025-10-22,2025-10-22 14:56:20,601818.SH,S,3.500,19600
170,60,2025-10-22,2025-10-22 14:56:21,300274.SZ,B,149.310,100
171,52,2025-10-22,2025-10-22 14:56:20,600157.SH,B,1.680,100
172,52,2025-10-22,2025-10-22 14:56:19,000629.SZ,B,2.960,100
173,60,2025-10-22,2025-10-22 14:56:20,600256.SH,S,5.280,6010
174,60,2025-10-22,2025-10-22 14:56:20,600256.SH,S,5.280,500
175,60,2025-10-22,2025-10-22 14:56:20,600256.SH,S,5.280,1700
176,60,2025-10-22,2025-10-22 14:56:20,600256.SH,S,5.280,1000
177,60,2025-10-22,2025-10-22 14:56:20,600256.SH,S,5.280,1900
178,60,2025-10-22,2025-10-22 14:56:20,002532.SZ,B,12.290,200
179,60,2025-10-22,2025-10-22 14:56:20,600256.SH,S,5.280,600
180,60,2025-10-22,2025-10-22 14:56:20,600470.SH,B,6.180,3700
181,60,2025-10-22,2025-10-22 14:56:20,600256.SH,S,5.280,600
182,60,2025-10-22,2025-10-22 14:56:20,600470.SH,B,6.180,3800
183,60,2025-10-22,2025-10-22 14:56:20,600256.SH,S,5.280,200
184,60,2025-10-22,2025-10-22 14:56:20,300369.SZ,B,7.500,200
185,60,2025-10-22,2025-10-22 14:56:20,600522.SH,S,17.470,1800
186,60,2025-10-22,2025-10-22 14:56:20,603077.SH,B,2.140,4700
187,60,2025-10-22,2025-10-22 14:56:20,601929.SH,B,3.630,3200
188,60,2025-10-22,2025-10-22 14:56:20,300369.SZ,B,7.500,100
189,60,2025-10-22,2025-10-22 14:56:20,600522.SH,S,17.470,300
190,49,2025-10-22,2025-10-22 14:56:20,600256.SH,B,5.290,1100
191,49,2025-10-22,2025-10-22 14:56:20,601929.SH,B,3.630,2100
192,60,2025-10-22,2025-10-22 14:56:20,600256.SH,S,5.280,990
193,60,2025-10-22,2025-10-22 14:56:20,300260.SZ,S,60.770,500
194,49,2025-10-22,2025-10-22 14:56:20,603077.SH,B,2.140,3800
195,60,2025-10-22,2025-10-22 14:56:20,300369.SZ,B,7.500,7500
196,60,2025-10-22,2025-10-22 14:56:19,601168.SH,S,22.640,100
197,60,2025-10-22,2025-10-22 14:56:19,002373.SZ,S,11.170,400
198,60,2025-10-22,2025-10-22 14:56:20,002266.SZ,B,4.280,1600
199,60,2025-10-22,2025-10-22 14:56:19,601963.SH,S,10.360,900
200,60,2025-10-22,2025-10-22 14:56:19,603288.SH,S,38.640,200
201,60,2025-10-22,2025-10-22 14:56:19,002373.SZ,S,11.170,200
202,58,2025-10-22,2025-10-22 14:56:20,300302.SZ,B,21.260,1800
203,58,2025-10-22,2025-10-22 14:56:20,300302.SZ,B,21.260,3700
204,58,2025-10-22,2025-10-22 14:56:18,300302.SZ,B,21.260,1700
205,58,2025-10-22,2025-10-22 14:56:18,300302.SZ,B,21.260,3800
206,58,2025-10-22,2025-10-22 14:56:18,300302.SZ,B,21.260,100
207,52,2025-10-22,2025-10-22 14:56:14,300748.SZ,B,38.470,200
208,61,2025-10-22,2025-10-22 14:56:18,603307.SH,S,45.660,400
209,61,2025-10-22,2025-10-22 14:56:18,603307.SH,S,45.660,200
210,60,2025-10-22,2025-10-22 14:56:19,688005.SH,S,25.570,600
211,60,2025-10-22,2025-10-22 14:56:19,300100.SZ,S,39.590,200
212,60,2025-10-22,2025-10-22 14:56:19,603030.SH,B,3.390,1000
213,49,2025-10-22,2025-10-22 14:56:19,000717.SZ,B,2.860,700
214,60,2025-10-22,2025-10-22 14:56:19,603030.SH,B,3.390,2400
215,49,2025-10-22,2025-10-22 14:56:19,002021.SZ,B,3.000,600
216,49,2025-10-22,2025-10-22 14:56:19,002947.SZ,B,44.140,100
217,60,2025-10-22,2025-10-22 14:56:18,002460.SZ,S,60.800,300
218,49,2025-10-22,2025-10-22 14:56:19,600322.SH,B,2.730,600
219,60,2025-10-22,2025-10-22 14:56:18,603288.SH,S,38.640,221
220,49,2025-10-22,2025-10-22 14:56:18,603817.SH,B,6.630,2300
221,60,2025-10-22,2025-10-22 14:56:19,002371.SZ,B,404.500,100
222,60,2025-10-22,2025-10-22 14:56:18,000568.SZ,S,134.680,100
223,60,2025-10-22,2025-10-22 14:56:18,002371.SZ,B,404.520,100
224,59,2025-10-22,2025-10-22 14:56:17,603307.SH,S,45.660,300
225,52,2025-10-22,2025-10-22 14:56:18,300302.SZ,B,21.260,700
226,60,2025-10-22,2025-10-22 14:56:18,603959.SH,B,6.860,400
227,60,2025-10-22,2025-10-22 14:56:17,603959.SH,B,6.860,1800
228,60,2025-10-22,2025-10-22 14:56:17,603959.SH,B,6.860,600
229,60,2025-10-22,2025-10-22 14:56:18,600732.SH,S,15.490,900
230,60,2025-10-22,2025-10-22 14:56:17,600732.SH,S,15.490,900
231,61,2025-10-22,2025-10-22 14:56:18,603307.SH,S,45.660,100
232,49,2025-10-22,2025-10-22 14:56:17,603959.SH,B,6.860,1200
233,60,2025-10-22,2025-10-22 14:56:18,600989.SH,S,16.940,1600
234,60,2025-10-22,2025-10-22 14:56:17,601111.SH,S,8.510,1900
235,60,2025-10-22,2025-10-22 14:56:17,603893.SH,S,189.380,100
236,60,2025-10-22,2025-10-22 14:56:17,002487.SZ,S,49.500,300
237,60,2025-10-22,2025-10-22 14:56:17,002311.SZ,S,57.310,100
238,49,2025-10-22,2025-10-22 14:56:17,300650.SZ,S,18.330,200
239,60,2025-10-22,2025-10-22 14:56:17,002812.SZ,S,40.130,100
240,49,2025-10-22,2025-10-22 14:56:16,601718.SH,S,3.860,500
241,60,2025-10-22,2025-10-22 14:56:16,300666.SZ,S,92.450,100
242,60,2025-10-22,2025-10-22 14:56:17,002812.SZ,S,40.130,200
243,60,2025-10-22,2025-10-22 14:56:17,002195.SZ,B,7.340,4600
244,60,2025-10-22,2025-10-22 14:56:16,603119.SH,S,94.630,400
245,59,2025-10-22,2025-10-22 14:56:15,000751.SZ,S,3.840,100
246,52,2025-10-22,2025-10-22 14:56:16,603817.SH,B,6.630,100
247,52,2025-10-22,2025-10-22 14:56:16,002431.SZ,B,2.530,100
248,49,2025-10-22,2025-10-22 14:56:16,603030.SH,B,3.400,600
249,49,2025-10-22,2025-10-22 14:56:16,603077.SH,B,2.140,3900
250,49,2025-10-22,2025-10-22 14:56:16,600433.SH,B,3.390,300
251,49,2025-10-22,2025-10-22 14:56:16,603030.SH,B,3.400,1300
252,49,2025-10-22,2025-10-22 14:56:16,600499.SH,B,11.780,200
253,49,2025-10-22,2025-10-22 14:56:16,600733.SH,B,7.940,600
254,60,2025-10-22,2025-10-22 14:56:16,603077.SH,B,2.140,4700
255,60,2025-10-22,2025-10-22 14:56:16,002048.SZ,S,32.220,1600
256,49,2025-10-22,2025-10-22 14:56:16,603817.SH,B,6.630,900
257,49,2025-10-22,2025-10-22 14:56:16,603817.SH,B,6.630,1000
258,60,2025-10-22,2025-10-22 14:56:16,301413.SZ,S,150.470,200
259,60,2025-10-22,2025-10-22 14:56:16,301413.SZ,S,150.470,100
260,60,2025-10-22,2025-10-22 14:56:16,600919.SH,B,10.940,1300
261,61,2025-10-22,2025-10-22 14:56:16,603077.SH,B,2.140,300
262,49,2025-10-22,2025-10-22 14:56:16,002030.SZ,B,6.490,200
263,49,2025-10-22,2025-10-22 14:56:16,002483.SZ,B,7.370,200
264,60,2025-10-22,2025-10-22 14:56:15,600497.SH,S,6.630,1900
265,49,2025-10-22,2025-10-22 14:56:16,603817.SH,B,6.630,400
266,60,2025-10-22,2025-10-22 14:56:16,002532.SZ,B,12.290,100
267,49,2025-10-22,2025-10-22 14:56:16,600219.SH,B,4.060,500
268,49,2025-10-22,2025-10-22 14:56:16,000050.SZ,B,9.350,100
269,60,2025-10-22,2025-10-22 14:56:16,002266.SZ,B,4.280,1700
270,49,2025-10-22,2025-10-22 14:56:16,603307.SH,S,45.670,200
271,49,2025-10-22,2025-10-22 14:56:16,000159.SZ,B,6.200,100
272,60,2025-10-22,2025-10-22 14:56:15,601127.SH,S,157.120,200
273,49,2025-10-22,2025-10-22 14:56:16,002867.SZ,B,13.640,100
274,60,2025-10-22,2025-10-22 14:56:16,600027.SH,S,5.220,200
275,60,2025-10-22,2025-10-22 14:56:15,600497.SH,S,6.630,200
276,60,2025-10-22,2025-10-22 14:56:16,300014.SZ,S,77.650,100
277,60,2025-10-22,2025-10-22 14:56:15,600989.SH,S,16.940,1100
278,60,2025-10-22,2025-10-22 14:56:15,600497.SH,S,6.630,900
279,60,2025-10-22,2025-10-22 14:56:15,601127.SH,S,157.120,100
280,60,2025-10-22,2025-10-22 14:56:16,300014.SZ,S,77.650,100
281,60,2025-10-22,2025-10-22 14:56:15,600497.SH,S,6.630,1400
282,60,2025-10-22,2025-10-22 14:56:15,688098.SH,B,10.900,1002
283,59,2025-10-22,2025-10-22 14:56:15,300192.SZ,S,17.660,100
284,52,2025-10-22,2025-10-22 14:56:13,688062.SH,B,44.720,176
285,52,2025-10-22,2025-10-22 14:56:15,603353.SH,S,17.990,100
286,60,2025-10-22,2025-10-22 14:56:15,688772.SH,B,25.180,748
287,49,2025-10-22,2025-10-22 14:56:15,002537.SZ,B,8.740,200
288,60,2025-10-22,2025-10-22 14:56:15,600256.SH,S,5.280,810
289,60,2025-10-22,2025-10-22 14:56:15,600256.SH,S,5.280,100
290,60,2025-10-22,2025-10-22 14:56:15,600256.SH,S,5.280,100
291,60,2025-10-22,2025-10-22 14:56:15,600256.SH,S,5.280,500
292,49,2025-10-22,2025-10-22 14:56:14,688098.SH,B,10.910,151
293,49,2025-10-22,2025-10-22 14:56:14,688098.SH,B,10.910,600
294,60,2025-10-22,2025-10-22 14:56:15,600256.SH,S,5.280,1000
295,60,2025-10-22,2025-10-22 14:56:15,600256.SH,S,5.280,900
296,60,2025-10-22,2025-10-22 14:56:15,601166.SH,B,20.440,2600
297,60,2025-10-22,2025-10-22 14:56:15,600256.SH,S,5.280,2000
298,60,2025-10-22,2025-10-22 14:56:15,601166.SH,B,20.440,5000
299,60,2025-10-22,2025-10-22 14:56:15,600256.SH,S,5.280,2000
300,60,2025-10-22,2025-10-22 14:56:15,601166.SH,B,20.440,400
301,60,2025-10-22,2025-10-22 14:56:15,600256.SH,S,5.280,200
302,60,2025-10-22,2025-10-22 14:56:15,601166.SH,B,20.440,200
303,60,2025-10-22,2025-10-22 14:56:15,600256.SH,S,5.280,5990
304,60,2025-10-22,2025-10-22 14:56:15,601166.SH,B,20.440,1600
305,61,2025-10-22,2025-10-22 14:56:15,002637.SZ,S,11.000,218
306,60,2025-10-22,2025-10-22 14:56:15,601166.SH,B,20.440,600
307,60,2025-10-22,2025-10-22 14:56:15,002916.SZ,S,201.920,100
308,61,2025-10-22,2025-10-22 14:56:15,002637.SZ,S,11.000,182
309,49,2025-10-22,2025-10-22 14:56:15,002550.SZ,S,9.060,200
310,49,2025-10-22,2025-10-22 14:56:15,002248.SZ,S,11.100,200
311,60,2025-10-22,2025-10-22 14:56:15,603501.SH,S,129.090,500
312,60,2025-10-22,2025-10-22 14:56:15,300138.SZ,S,14.520,500
313,49,2025-10-22,2025-10-22 14:56:15,002248.SZ,S,11.100,300
314,60,2025-10-22,2025-10-22 14:56:15,600470.SH,B,6.180,2400
315,60,2025-10-22,2025-10-22 14:56:15,600497.SH,S,6.630,1000
316,49,2025-10-22,2025-10-22 14:56:15,000990.SZ,B,7.420,500
317,60,2025-10-22,2025-10-22 14:56:15,600497.SH,S,6.630,1500
318,49,2025-10-22,2025-10-22 14:56:15,603330.SH,S,7.710,100
319,49,2025-10-22,2025-10-22 14:56:15,600586.SH,B,4.920,100
320,60,2025-10-22,2025-10-22 14:56:15,600470.SH,B,6.180,5200
321,60,2025-10-22,2025-10-22 14:56:15,002532.SZ,B,12.290,400
322,60,2025-10-22,2025-10-22 14:56:15,002298.SZ,B,11.760,1300
323,60,2025-10-22,2025-10-22 14:56:15,688005.SH,S,25.570,400
324,60,2025-10-22,2025-10-22 14:56:15,600926.SH,S,16.430,1300
325,49,2025-10-22,2025-10-22 14:56:15,000011.SZ,S,10.250,500
326,60,2025-10-22,2025-10-22 14:56:15,300369.SZ,B,7.500,7800
327,60,2025-10-22,2025-10-22 14:56:15,002624.SZ,S,17.220,5600
328,49,2025-10-22,2025-10-22 14:56:15,600256.SH,B,5.290,1200
329,61,2025-10-22,2025-10-22 14:56:15,000011.SZ,S,10.250,700
330,60,2025-10-22,2025-10-22 14:56:15,300274.SZ,B,149.270,100
331,60,2025-10-22,2025-10-22 14:56:15,000655.SZ,B,9.770,400
332,60,2025-10-22,2025-10-22 14:56:15,000990.SZ,S,7.410,500
333,49,2025-10-22,2025-10-22 14:56:15,600189.SH,B,7.090,100
334,60,2025-10-22,2025-10-22 14:56:14,603501.SH,S,129.090,100
335,60,2025-10-22,2025-10-22 14:56:15,603456.SH,S,19.040,500
336,60,2025-10-22,2025-10-22 14:56:14,601168.SH,S,22.640,300
337,60,2025-10-22,2025-10-22 14:56:15,300274.SZ,B,149.260,100
338,60,2025-10-22,2025-10-22 14:56:14,601818.SH,S,3.500,8300
339,58,2025-10-22,2025-10-22 14:56:14,002679.SZ,S,11.010,600
340,58,2025-10-22,2025-10-22 14:56:14,002679.SZ,S,11.020,100
341,58,2025-10-22,2025-10-22 14:56:14,002679.SZ,S,11.020,100
342,58,2025-10-22,2025-10-22 14:56:14,002255.SZ,S,8.920,400
343,58,2025-10-22,2025-10-22 14:56:14,002679.SZ,S,11.020,100
344,58,2025-10-22,2025-10-22 14:56:14,002255.SZ,S,8.920,100
345,58,2025-10-22,2025-10-22 14:56:14,002679.SZ,S,11.020,100
346,58,2025-10-22,2025-10-22 14:56:13,000981.SZ,S,4.000,400
347,52,2025-10-22,2025-10-22 14:56:08,603307.SH,S,45.700,200
348,52,2025-10-22,2025-10-22 14:56:13,688062.SH,B,44.720,24
349,49,2025-10-22,2025-10-22 14:56:14,605507.SH,B,22.390,100
350,49,2025-10-22,2025-10-22 14:56:14,002004.SZ,S,5.090,2300
351,60,2025-10-22,2025-10-22 14:56:14,601336.SH,S,68.750,200
352,60,2025-10-22,2025-10-22 14:56:14,002555.SZ,S,19.900,300
353,49,2025-10-22,2025-10-22 14:56:14,300296.SZ,S,6.780,100
354,60,2025-10-22,2025-10-22 14:56:13,603236.SH,S,97.400,600
355,60,2025-10-22,2025-10-22 14:56:13,000833.SZ,B,14.790,600
356,49,2025-10-22,2025-10-22 14:56:13,002335.SZ,B,62.410,100
357,60,2025-10-22,2025-10-22 14:56:13,603296.SH,S,91.680,300
358,60,2025-10-22,2025-10-22 14:56:13,002048.SZ,S,32.220,1700
359,60,2025-10-22,2025-10-22 14:56:13,603296.SH,S,91.680,200
360,60,2025-10-22,2025-10-22 14:56:12,603259.SH,B,101.010,400
361,49,2025-10-22,2025-10-22 14:56:12,603588.SH,B,7.460,1900
362,49,2025-10-22,2025-10-22 14:56:12,603038.SH,B,20.270,100
363,60,2025-10-22,2025-10-22 14:56:12,601601.SH,B,37.270,300
364,60,2025-10-22,2025-10-22 14:56:12,603259.SH,B,101.010,100
365,60,2025-10-22,2025-10-22 14:56:12,600036.SH,B,41.960,1200
366,59,2025-10-22,2025-10-22 14:56:11,300073.SZ,B,64.300,100
367,60,2025-10-22,2025-10-22 14:56:12,600676.SH,B,6.820,1543
368,60,2025-10-22,2025-10-22 14:56:12,600676.SH,B,6.810,257
369,60,2025-10-22,2025-10-22 14:56:12,001337.SZ,S,27.020,200
370,60,2025-10-22,2025-10-22 14:56:12,601601.SH,B,37.270,600
371,60,2025-10-22,2025-10-22 14:56:12,300842.SZ,S,64.880,100
372,60,2025-10-22,2025-10-22 14:56:12,000425.SZ,B,11.310,1000
373,60,2025-10-22,2025-10-22 14:56:12,300842.SZ,S,64.880,100
374,60,2025-10-22,2025-10-22 14:56:12,300331.SZ,S,32.180,100
375,60,2025-10-22,2025-10-22 14:56:12,600745.SH,S,40.340,200
376,49,2025-10-22,2025-10-22 14:56:12,002419.SZ,B,5.560,100
377,60,2025-10-22,2025-10-22 14:56:12,000425.SZ,B,11.310,1400
378,60,2025-10-22,2025-10-22 14:56:12,300328.SZ,S,15.120,1100
379,49,2025-10-22,2025-10-22 14:56:12,600895.SH,S,45.760,100
380,49,2025-10-22,2025-10-22 14:56:12,000032.SZ,B,20.300,200
381,60,2025-10-22,2025-10-22 14:56:12,300328.SZ,S,15.120,300
382,60,2025-10-22,2025-10-22 14:56:12,600418.SH,S,48.960,200
383,60,2025-10-22,2025-10-22 14:56:12,600418.SH,S,48.960,100
384,60,2025-10-22,2025-10-22 14:56:12,600418.SH,S,48.960,100
385,60,2025-10-22,2025-10-22 14:56:11,600418.SH,S,48.960,200
386,49,2025-10-22,2025-10-22 14:56:11,688221.SH,B,14.460,426
387,58,2025-10-22,2025-10-22 14:56:12,003016.SZ,S,8.460,1400
388,52,2025-10-22,2025-10-22 14:56:10,603579.SH,S,31.480,100
389,60,2025-10-22,2025-10-22 14:56:11,600095.SH,S,12.180,3300
390,60,2025-10-22,2025-10-22 14:56:11,601939.SH,B,9.380,6400
391,60,2025-10-22,2025-10-22 14:56:11,601127.SH,S,157.120,200
392,60,2025-10-22,2025-10-22 14:56:11,601127.SH,S,157.120,100
393,60,2025-10-22,2025-10-22 14:56:11,600104.SH,S,16.470,1000
394,60,2025-10-22,2025-10-22 14:56:11,600104.SH,S,16.470,1200
395,60,2025-10-22,2025-10-22 14:56:11,600104.SH,S,16.470,1000
396,49,2025-10-22,2025-10-22 14:56:11,600010.SH,B,2.640,100
397,60,2025-10-22,2025-10-22 14:56:11,600104.SH,S,16.470,500
398,60,2025-10-22,2025-10-22 14:56:11,600104.SH,S,16.470,300
399,49,2025-10-22,2025-10-22 14:56:11,600010.SH,B,2.640,1100
400,60,2025-10-22,2025-10-22 14:56:11,688599.SH,B,17.470,636
401,60,2025-10-22,2025-10-22 14:56:11,002276.SZ,B,17.060,400
402,49,2025-10-22,2025-10-22 14:56:11,600010.SH,B,2.640,800
403,60,2025-10-22,2025-10-22 14:56:11,300073.SZ,B,64.300,300
404,49,2025-10-22,2025-10-22 14:56:11,300082.SZ,S,8.370,1100
405,49,2025-10-22,2025-10-22 14:56:11,600010.SH,B,2.640,300
406,49,2025-10-22,2025-10-22 14:56:11,002276.SZ,B,17.060,300
407,60,2025-10-22,2025-10-22 14:56:11,600418.SH,S,48.960,400
408,49,2025-10-22,2025-10-22 14:56:11,300229.SZ,S,19.520,100
409,49,2025-10-22,2025-10-22 14:56:11,002145.SZ,B,5.390,800
410,60,2025-10-22,2025-10-22 14:56:11,300236.SZ,S,58.230,500
411,60,2025-10-22,2025-10-22 14:56:10,002938.SZ,S,52.070,300
412,60,2025-10-22,2025-10-22 14:56:10,600183.SH,S,58.590,200
413,59,2025-10-22,2025-10-22 14:56:09,003016.SZ,S,8.450,700
414,60,2025-10-22,2025-10-22 14:56:10,601006.SH,S,5.880,4000
415,49,2025-10-22,2025-10-22 14:56:10,300890.SZ,B,33.680,100
416,60,2025-10-22,2025-10-22 14:56:10,002396.SZ,S,26.190,1200
417,60,2025-10-22,2025-10-22 14:56:09,601012.SH,B,18.780,900
418,60,2025-10-22,2025-10-22 14:56:09,601012.SH,B,18.780,2600
419,60,2025-10-22,2025-10-22 14:56:10,603185.SH,S,21.880,500
420,60,2025-10-22,2025-10-22 14:56:10,600010.SH,B,2.640,13000
421,60,2025-10-22,2025-10-22 14:56:09,601012.SH,B,18.780,1000
422,60,2025-10-22,2025-10-22 14:56:10,000981.SZ,B,4.010,5000
423,60,2025-10-22,2025-10-22 14:56:10,603185.SH,S,21.880,100
424,60,2025-10-22,2025-10-22 14:56:10,300875.SZ,B,43.760,100
425,60,2025-10-22,2025-10-22 14:56:10,300100.SZ,S,39.590,100
426,49,2025-10-22,2025-10-22 14:56:10,300547.SZ,S,38.050,100
427,60,2025-10-22,2025-10-22 14:56:09,601012.SH,B,18.780,1500
428,60,2025-10-22,2025-10-22 14:56:10,300100.SZ,S,39.590,200
429,60,2025-10-22,2025-10-22 14:56:09,601012.SH,B,18.780,300
430,60,2025-10-22,2025-10-22 14:56:09,600941.SH,S,106.260,300
431,59,2025-10-22,2025-10-22 14:56:00,300302.SZ,B,21.260,1600
432,60,2025-10-22,2025-10-22 14:56:09,600547.SH,B,37.000,2600
433,60,2025-10-22,2025-10-22 14:56:09,601012.SH,B,18.780,1000
434,49,2025-10-22,2025-10-22 14:56:09,000045.SZ,B,13.930,400
435,60,2025-10-22,2025-10-22 14:56:09,600276.SH,B,65.270,2900
436,60,2025-10-22,2025-10-22 14:56:09,600346.SH,B,16.590,400
437,60,2025-10-22,2025-10-22 14:56:09,600150.SH,B,35.660,700
438,60,2025-10-22,2025-10-22 14:56:09,603993.SH,S,15.530,1200
439,60,2025-10-22,2025-10-22 14:56:08,002989.SZ,S,26.430,300
440,60,2025-10-22,2025-10-22 14:56:09,600346.SH,B,16.590,200
441,49,2025-10-22,2025-10-22 14:56:09,600633.SH,B,13.530,100
442,60,2025-10-22,2025-10-22 14:56:09,600276.SH,B,65.260,100
443,60,2025-10-22,2025-10-22 14:56:09,002456.SZ,B,11.770,300
444,60,2025-10-22,2025-10-22 14:56:09,002555.SZ,S,19.900,400
445,60,2025-10-22,2025-10-22 14:56:08,600585.SH,B,23.690,1300
446,60,2025-10-22,2025-10-22 14:56:08,601318.SH,B,58.260,2200
447,60,2025-10-22,2025-10-22 14:56:08,000408.SZ,B,57.360,400
448,59,2025-10-22,2025-10-22 14:56:07,002506.SZ,S,2.480,100
449,60,2025-10-22,2025-10-22 14:56:08,002594.SZ,S,103.780,100
450,60,2025-10-22,2025-10-22 14:56:08,002222.SZ,S,44.680,200
451,60,2025-10-22,2025-10-22 14:56:08,000063.SZ,B,49.930,700
452,60,2025-10-22,2025-10-22 14:56:08,002230.SZ,B,51.760,94
453,60,2025-10-22,2025-10-22 14:56:08,002230.SZ,B,51.760,100
454,60,2025-10-22,2025-10-22 14:56:08,002230.SZ,B,51.760,100
455,60,2025-10-22,2025-10-22 14:56:08,002230.SZ,B,51.760,100
456,60,2025-10-22,2025-10-22 14:56:08,002230.SZ,B,51.760,100
457,60,2025-10-22,2025-10-22 14:56:08,002230.SZ,B,51.760,200
458,60,2025-10-22,2025-10-22 14:56:08,002230.SZ,B,51.760,200
459,60,2025-10-22,2025-10-22 14:56:08,002230.SZ,B,51.760,100
460,60,2025-10-22,2025-10-22 14:56:08,002230.SZ,B,51.760,100
461,60,2025-10-22,2025-10-22 14:56:08,002230.SZ,B,51.760,200
462,60,2025-10-22,2025-10-22 14:56:08,002230.SZ,B,51.760,200
463,60,2025-10-22,2025-10-22 14:56:08,002230.SZ,B,51.760,300
464,60,2025-10-22,2025-10-22 14:56:08,000157.SZ,B,8.160,1000
465,60,2025-10-22,2025-10-22 14:56:08,002230.SZ,B,51.760,100
466,60,2025-10-22,2025-10-22 14:56:08,002230.SZ,B,51.760,100
467,60,2025-10-22,2025-10-22 14:56:08,002230.SZ,B,51.760,100
468,60,2025-10-22,2025-10-22 14:56:08,002230.SZ,B,51.760,106
469,60,2025-10-22,2025-10-22 14:56:07,600988.SH,B,28.470,500
470,61,2025-10-22,2025-10-22 14:56:08,300192.SZ,S,17.660,100
471,49,2025-10-22,2025-10-22 14:56:08,000567.SZ,B,6.950,900
472,60,2025-10-22,2025-10-22 14:56:07,600585.SH,B,23.690,2900
473,49,2025-10-22,2025-10-22 14:56:08,002506.SZ,B,2.490,6300
474,60,2025-10-22,2025-10-22 14:56:07,000977.SZ,B,66.510,1000
475,61,2025-10-22,2025-10-22 14:56:08,002219.SZ,S,2.370,400
476,58,2025-10-22,2025-10-22 14:56:07,603307.SH,S,45.700,300
477,52,2025-10-22,2025-10-22 14:56:07,000011.SZ,S,10.250,300
478,49,2025-10-22,2025-10-22 14:56:07,000426.SZ,S,30.610,100
479,60,2025-10-22,2025-10-22 14:56:07,603920.SH,S,40.490,1200
480,49,2025-10-22,2025-10-22 14:56:07,603881.SH,B,32.900,100
481,49,2025-10-22,2025-10-22 14:56:07,603529.SH,B,32.380,100
482,49,2025-10-22,2025-10-22 14:56:07,600446.SH,B,16.850,100
483,49,2025-10-22,2025-10-22 14:56:07,600446.SH,B,16.850,100
484,60,2025-10-22,2025-10-22 14:56:06,603737.SH,S,45.280,300
485,60,2025-10-22,2025-10-22 14:56:07,601728.SH,S,6.860,6800
486,60,2025-10-22,2025-10-22 14:56:06,300308.SZ,B,443.570,100
487,60,2025-10-22,2025-10-22 14:56:06,601988.SH,S,5.450,32200
488,60,2025-10-22,2025-10-22 14:56:06,002965.SZ,S,39.120,400
489,49,2025-10-22,2025-10-22 14:56:06,002936.SZ,B,2.060,200
490,60,2025-10-22,2025-10-22 14:56:06,688009.SH,S,5.390,1300
491,60,2025-10-22,2025-10-22 14:56:06,300457.SZ,S,30.840,1000
492,49,2025-10-22,2025-10-22 14:56:06,603520.SH,B,10.900,400
493,60,2025-10-22,2025-10-22 14:56:05,300457.SZ,S,30.840,100
494,60,2025-10-22,2025-10-22 14:56:05,603859.SH,S,42.360,100
495,60,2025-10-22,2025-10-22 14:56:05,300316.SZ,S,41.010,200
496,60,2025-10-22,2025-10-22 14:56:05,300316.SZ,S,41.010,200
497,60,2025-10-22,2025-10-22 14:56:05,002870.SZ,B,40.660,1400
498,60,2025-10-22,2025-10-22 14:56:05,300316.SZ,S,41.010,300
499,61,2025-10-22,2025-10-22 14:56:05,601598.SH,S,6.210,300
500,60,2025-10-22,2025-10-22 14:56:05,300408.SZ,B,48.100,1100
501,60,2025-10-22,2025-10-22 14:56:05,300316.SZ,S,41.010,500
502,60,2025-10-22,2025-10-22 14:56:05,603859.SH,S,42.360,100
503,60,2025-10-22,2025-10-22 14:56:05,603212.SH,S,11.130,3100
504,61,2025-10-22,2025-10-22 14:56:05,601598.SH,S,6.210,100
505,60,2025-10-22,2025-10-22 14:56:05,300457.SZ,S,30.840,600
506,60,2025-10-22,2025-10-22 14:56:05,002870.SZ,B,40.660,200
507,60,2025-10-22,2025-10-22 14:56:04,300408.SZ,B,48.100,100
508,60,2025-10-22,2025-10-22 14:56:04,002384.SZ,S,68.510,200
509,60,2025-10-22,2025-10-22 14:56:04,300408.SZ,B,48.100,400
510,49,2025-10-22,2025-10-22 14:56:03,300389.SZ,B,18.000,200
511,60,2025-10-22,2025-10-22 14:56:04,600176.SH,S,15.540,300
512,60,2025-10-22,2025-10-22 14:56:04,300316.SZ,S,40.990,100
513,60,2025-10-22,2025-10-22 14:56:03,002384.SZ,S,68.510,400
514,60,2025-10-22,2025-10-22 14:56:04,600331.SH,S,9.960,1500
515,60,2025-10-22,2025-10-22 14:56:03,000333.SZ,B,73.920,1100
516,60,2025-10-22,2025-10-22 14:56:04,600176.SH,S,15.540,800
517,60,2025-10-22,2025-10-22 14:56:04,300316.SZ,S,40.990,400
518,60,2025-10-22,2025-10-22 14:56:03,002384.SZ,S,68.510,100
519,61,2025-10-22,2025-10-22 14:56:03,002255.SZ,S,8.920,1100
520,49,2025-10-22,2025-10-22 14:56:03,002645.SZ,S,15.300,100
521,60,2025-10-22,2025-10-22 14:56:03,301307.SZ,S,30.600,200
522,60,2025-10-22,2025-10-22 14:56:03,002695.SZ,S,12.590,500
523,60,2025-10-22,2025-10-22 14:56:03,600309.SH,S,61.350,2200
524,60,2025-10-22,2025-10-22 14:56:02,600642.SH,S,8.110,300
525,60,2025-10-22,2025-10-22 14:56:02,600958.SH,S,11.120,1600
526,60,2025-10-22,2025-10-22 14:56:02,002493.SZ,B,9.680,500
527,49,2025-10-22,2025-10-22 14:56:02,605333.SH,B,33.770,100
528,60,2025-10-22,2025-10-22 14:56:02,002385.SZ,S,4.110,8400
529,60,2025-10-22,2025-10-22 14:56:02,600642.SH,S,8.110,900
530,60,2025-10-22,2025-10-22 14:56:02,600642.SH,S,8.110,200
531,60,2025-10-22,2025-10-22 14:56:02,600642.SH,S,8.110,200
532,60,2025-10-22,2025-10-22 14:56:02,600642.SH,S,8.110,100
533,60,2025-10-22,2025-10-22 14:56:02,600642.SH,S,8.110,100
534,60,2025-10-22,2025-10-22 14:56:02,600642.SH,S,8.110,1200
535,49,2025-10-22,2025-10-22 14:56:02,600728.SH,B,6.640,1300
536,60,2025-10-22,2025-10-22 14:56:01,600642.SH,S,8.110,1300
537,60,2025-10-22,2025-10-22 14:56:02,301392.SZ,S,147.870,400
538,60,2025-10-22,2025-10-22 14:56:02,600459.SH,S,15.920,100
539,60,2025-10-22,2025-10-22 14:56:00,603301.SH,S,72.300,500
540,60,2025-10-22,2025-10-22 14:56:00,603486.SH,S,91.490,300
541,60,2025-10-22,2025-10-22 14:56:00,603486.SH,S,91.490,100
542,60,2025-10-22,2025-10-22 14:56:00,603486.SH,S,91.490,100
543,60,2025-10-22,2025-10-22 14:56:00,603486.SH,S,91.490,100
544,60,2025-10-22,2025-10-22 14:56:00,603486.SH,S,91.490,100
545,60,2025-10-22,2025-10-22 14:56:00,603486.SH,S,91.500,100
546,60,2025-10-22,2025-10-22 14:56:00,688012.SH,B,266.800,113
547,60,2025-10-22,2025-10-22 14:56:00,603486.SH,S,91.510,100
548,60,2025-10-22,2025-10-22 14:56:00,688012.SH,B,266.770,200
549,60,2025-10-22,2025-10-22 14:56:00,000960.SZ,S,22.410,1300
550,60,2025-10-22,2025-10-22 14:56:00,600475.SH,S,16.160,700
551,60,2025-10-22,2025-10-22 14:56:00,000960.SZ,S,22.410,400
552,60,2025-10-22,2025-10-22 14:56:00,601225.SH,B,22.420,1300
553,60,2025-10-22,2025-10-22 14:56:00,600741.SH,S,19.600,1100
554,60,2025-10-22,2025-10-22 14:56:00,600475.SH,S,16.160,400
555,61,2025-10-22,2025-10-22 14:56:00,300302.SZ,B,21.250,100
556,60,2025-10-22,2025-10-22 14:56:01,300110.SZ,S,3.400,1200
557,60,2025-10-22,2025-10-22 14:56:00,600475.SH,S,16.160,600
558,61,2025-10-22,2025-10-22 14:56:00,300302.SZ,B,21.250,1000
559,60,2025-10-22,2025-10-22 14:56:00,600741.SH,S,19.600,300
560,60,2025-10-22,2025-10-22 14:56:01,002213.SZ,B,21.100,2200
561,61,2025-10-22,2025-10-22 14:56:00,300302.SZ,B,21.250,400
562,61,2025-10-22,2025-10-22 14:56:00,300302.SZ,B,21.250,1000
563,60,2025-10-22,2025-10-22 14:56:00,600475.SH,S,16.160,600
564,60,2025-10-22,2025-10-22 14:56:00,600864.SH,S,7.550,1600
565,61,2025-10-22,2025-10-22 14:56:00,300302.SZ,B,21.250,700
566,61,2025-10-22,2025-10-22 14:56:00,300302.SZ,B,21.250,200
567,60,2025-10-22,2025-10-22 14:56:00,600635.SH,S,6.870,1500
568,60,2025-10-22,2025-10-22 14:56:00,600741.SH,S,19.600,500
569,60,2025-10-22,2025-10-22 14:56:00,603992.SH,S,27.720,700
570,60,2025-10-22,2025-10-22 14:56:00,600475.SH,S,16.160,600
571,49,2025-10-22,2025-10-22 14:56:00,300302.SZ,B,21.250,400
572,49,2025-10-22,2025-10-22 14:56:00,600635.SH,S,6.870,1200
573,60,2025-10-22,2025-10-22 14:56:00,600030.SH,S,29.180,500
574,49,2025-10-22,2025-10-22 14:56:00,600489.SH,B,22.860,400
575,49,2025-10-22,2025-10-22 14:56:00,300302.SZ,B,21.250,700
576,60,2025-10-22,2025-10-22 14:56:00,600741.SH,S,19.600,200
577,60,2025-10-22,2025-10-22 14:56:00,601069.SH,S,28.510,200
578,60,2025-10-22,2025-10-22 14:56:00,300302.SZ,B,21.250,1000
579,60,2025-10-22,2025-10-22 14:56:00,300773.SZ,S,23.820,1400
580,60,2025-10-22,2025-10-22 14:56:00,000960.SZ,S,22.410,400
581,60,2025-10-22,2025-10-22 14:56:00,003022.SZ,S,19.340,300
582,60,2025-10-22,2025-10-22 14:56:00,000858.SZ,S,120.150,100
583,60,2025-10-22,2025-10-22 14:56:00,000858.SZ,S,120.150,100
584,60,2025-10-22,2025-10-22 14:56:00,000858.SZ,S,120.150,100
585,60,2025-10-22,2025-10-22 14:56:00,300059.SZ,B,25.140,182
586,49,2025-10-22,2025-10-22 14:55:59,603088.SH,B,11.200,100
587,60,2025-10-22,2025-10-22 14:56:00,300059.SZ,B,25.140,300
588,60,2025-10-22,2025-10-22 14:56:00,300059.SZ,B,25.140,918
589,49,2025-10-22,2025-10-22 14:56:00,000718.SZ,B,2.840,1900
590,60,2025-10-22,2025-10-22 14:56:00,002690.SZ,S,19.760,2100
591,49,2025-10-22,2025-10-22 14:56:00,002222.SZ,S,44.680,100
592,60,2025-10-22,2025-10-22 14:56:00,601916.SH,B,3.110,18600
593,60,2025-10-22,2025-10-22 14:56:00,600459.SH,S,15.920,100
594,60,2025-10-22,2025-10-22 14:56:00,000729.SZ,S,11.900,1000
595,60,2025-10-22,2025-10-22 14:55:59,600688.SH,S,2.810,10100
596,60,2025-10-22,2025-10-22 14:55:59,603659.SH,B,26.170,300
597,60,2025-10-22,2025-10-22 14:55:59,300763.SZ,S,76.910,300
598,60,2025-10-22,2025-10-22 14:55:59,603659.SH,B,26.170,1500
599,60,2025-10-22,2025-10-22 14:55:59,300450.SZ,B,54.440,300
600,60,2025-10-22,2025-10-22 14:55:59,001228.SZ,B,26.910,1000
601,60,2025-10-22,2025-10-22 14:55:57,601992.SH,B,1.800,4000
602,60,2025-10-22,2025-10-22 14:55:57,601992.SH,B,1.800,600
603,60,2025-10-22,2025-10-22 14:55:57,601992.SH,B,1.800,2000
604,60,2025-10-22,2025-10-22 14:55:57,601992.SH,B,1.800,400
605,49,2025-10-22,2025-10-22 14:55:57,688772.SH,B,25.140,193
606,60,2025-10-22,2025-10-22 14:55:57,601992.SH,B,1.800,2000
607,60,2025-10-22,2025-10-22 14:55:58,600905.SH,S,4.300,32000
608,49,2025-10-22,2025-10-22 14:55:57,688772.SH,B,25.140,500
609,60,2025-10-22,2025-10-22 14:55:57,601992.SH,B,1.800,800
610,49,2025-10-22,2025-10-22 14:55:57,000778.SZ,B,3.960,1100
611,49,2025-10-22,2025-10-22 14:55:56,600300.SH,B,3.430,100
612,49,2025-10-22,2025-10-22 14:55:56,600688.SH,B,2.820,1100
613,60,2025-10-22,2025-10-22 14:55:56,000709.SZ,S,2.560,2100
614,60,2025-10-22,2025-10-22 14:55:55,600703.SH,S,14.180,200
615,52,2025-10-22,2025-10-22 14:52:32,601618.SH,B,3.670,100
616,60,2025-10-22,2025-10-22 14:55:55,600703.SH,S,14.180,500
617,60,2025-10-22,2025-10-22 14:55:55,301015.SZ,S,25.910,300
618,60,2025-10-22,2025-10-22 14:55:54,600703.SH,S,14.180,100
619,60,2025-10-22,2025-10-22 14:55:54,600703.SH,S,14.180,100
620,60,2025-10-22,2025-10-22 14:55:54,600703.SH,S,14.180,100
621,49,2025-10-22,2025-10-22 14:55:54,600166.SH,B,2.740,600
622,60,2025-10-22,2025-10-22 14:55:53,301015.SZ,S,25.910,100
623,60,2025-10-22,2025-10-22 14:55:53,600103.SH,B,3.710,2700
624,60,2025-10-22,2025-10-22 14:55:53,600103.SH,B,3.710,1700
625,60,2025-10-22,2025-10-22 14:55:53,600703.SH,S,14.180,300
626,49,2025-10-22,2025-10-22 14:55:53,600103.SH,B,3.710,4500
627,60,2025-10-22,2025-10-22 14:55:53,600103.SH,B,3.710,7600
628,60,2025-10-22,2025-10-22 14:55:51,002414.SZ,B,12.120,500
629,60,2025-10-22,2025-10-22 14:55:50,002414.SZ,B,12.120,200
630,49,2025-10-22,2025-10-22 14:55:51,000681.SZ,B,21.320,200
631,60,2025-10-22,2025-10-22 14:55:50,002414.SZ,B,12.120,200
632,49,2025-10-22,2025-10-22 14:55:50,000090.SZ,B,3.750,1100
633,60,2025-10-22,2025-10-22 14:55:50,002414.SZ,B,12.120,100
634,60,2025-10-22,2025-10-22 14:55:47,688772.SH,B,25.130,400
635,60,2025-10-22,2025-10-22 14:55:47,688772.SH,B,25.130,200
636,49,2025-10-22,2025-10-22 14:55:47,300997.SZ,B,16.800,100
637,60,2025-10-22,2025-10-22 14:55:46,688772.SH,B,25.130,200
638,60,2025-10-22,2025-10-22 14:55:47,001289.SZ,B,17.540,3500
639,60,2025-10-22,2025-10-22 14:55:44,603708.SH,S,10.600,100
640,60,2025-10-22,2025-10-22 14:55:42,600031.SH,B,23.060,300
641,60,2025-10-22,2025-10-22 14:55:42,600031.SH,B,23.060,100
642,60,2025-10-22,2025-10-22 14:55:42,600031.SH,B,23.060,1000
643,60,2025-10-22,2025-10-22 14:55:42,300769.SZ,S,40.060,300
644,60,2025-10-22,2025-10-22 14:55:42,600031.SH,B,23.060,100
645,60,2025-10-22,2025-10-22 14:55:42,300498.SZ,B,18.100,800
646,60,2025-10-22,2025-10-22 14:55:41,600031.SH,B,23.060,100
647,60,2025-10-22,2025-10-22 14:55:41,600031.SH,B,23.060,100
648,60,2025-10-22,2025-10-22 14:55:41,600031.SH,B,23.060,200
649,60,2025-10-22,2025-10-22 14:55:40,600031.SH,B,23.060,300
650,60,2025-10-22,2025-10-22 14:55:39,600031.SH,B,23.060,100
651,60,2025-10-22,2025-10-22 14:55:38,603806.SH,S,14.840,1300
652,60,2025-10-22,2025-10-22 14:55:39,600031.SH,B,23.060,1200
653,49,2025-10-22,2025-10-22 14:55:38,300076.SZ,S,6.580,1000
654,60,2025-10-22,2025-10-22 14:55:38,603806.SH,S,14.840,1200
655,49,2025-10-22,2025-10-22 14:55:37,605378.SH,B,23.890,100
656,60,2025-10-22,2025-10-22 14:55:36,300409.SZ,S,23.080,1100
657,49,2025-10-22,2025-10-22 14:55:35,300738.SZ,B,19.160,100
658,60,2025-10-22,2025-10-22 14:55:36,000006.SZ,S,13.150,400
659,60,2025-10-22,2025-10-22 14:55:36,300841.SZ,S,73.680,100
660,60,2025-10-22,2025-10-22 14:55:36,600309.SH,S,61.340,200
661,60,2025-10-22,2025-10-22 14:55:34,301015.SZ,S,25.910,100
662,49,2025-10-22,2025-10-22 14:55:33,600149.SH,S,5.740,1000
663,60,2025-10-22,2025-10-22 14:55:33,600236.SH,B,7.420,200
664,52,2025-10-22,2025-10-22 14:50:54,002471.SZ,B,4.930,100
665,49,2025-10-22,2025-10-22 14:55:33,603633.SH,B,10.530,100
666,60,2025-10-22,2025-10-22 14:55:33,600000.SH,B,13.060,3600
667,60,2025-10-22,2025-10-22 14:55:33,600000.SH,B,13.060,300
668,49,2025-10-22,2025-10-22 14:55:32,688772.SH,B,25.140,200
669,60,2025-10-22,2025-10-22 14:55:31,603259.SH,B,101.020,300
670,60,2025-10-22,2025-10-22 14:55:31,603259.SH,B,101.020,100
671,49,2025-10-22,2025-10-22 14:55:32,603496.SH,B,27.970,100
672,60,2025-10-22,2025-10-22 14:55:32,600000.SH,B,13.060,800
673,60,2025-10-22,2025-10-22 14:55:32,600000.SH,B,13.060,100
674,60,2025-10-22,2025-10-22 14:55:31,603259.SH,B,101.020,100
675,49,2025-10-22,2025-10-22 14:55:31,301150.SZ,S,37.710,100
676,60,2025-10-22,2025-10-22 14:55:30,688772.SH,B,25.140,200
677,60,2025-10-22,2025-10-22 14:55:31,002714.SZ,B,48.760,800
678,60,2025-10-22,2025-10-22 14:55:31,600000.SH,B,13.060,1300
679,60,2025-10-22,2025-10-22 14:55:30,600406.SH,S,23.010,2500
680,49,2025-10-22,2025-10-22 14:55:30,002637.SZ,B,11.010,100
681,60,2025-10-22,2025-10-22 14:55:30,600406.SH,S,23.010,300
682,49,2025-10-22,2025-10-22 14:55:30,002637.SZ,B,11.010,100
683,49,2025-10-22,2025-10-22 14:55:30,002637.SZ,B,11.010,100
684,60,2025-10-22,2025-10-22 14:55:30,002714.SZ,B,48.760,100
685,49,2025-10-22,2025-10-22 14:55:30,002637.SZ,B,11.010,100
686,60,2025-10-22,2025-10-22 14:55:30,300911.SZ,S,41.660,100
687,49,2025-10-22,2025-10-22 14:55:29,688772.SH,B,25.140,200
688,60,2025-10-22,2025-10-22 14:55:29,688772.SH,B,25.150,200
689,60,2025-10-22,2025-10-22 14:55:28,601088.SH,B,42.060,1700
690,60,2025-10-22,2025-10-22 14:55:29,600406.SH,S,23.010,600
691,60,2025-10-22,2025-10-22 14:55:28,600406.SH,S,23.010,500
692,60,2025-10-22,2025-10-22 14:55:28,600406.SH,S,23.010,1500
693,49,2025-10-22,2025-10-22 14:55:28,600330.SH,S,10.660,800
694,49,2025-10-22,2025-10-22 14:55:28,002547.SZ,B,5.150,600
695,60,2025-10-22,2025-10-22 14:55:26,603259.SH,B,101.010,100
696,60,2025-10-22,2025-10-22 14:55:27,600537.SH,B,3.900,1100
697,49,2025-10-22,2025-10-22 14:55:27,600537.SH,B,3.900,2500
698,60,2025-10-22,2025-10-22 14:55:27,601567.SH,S,23.120,700
699,60,2025-10-22,2025-10-22 14:55:26,688772.SH,B,25.150,1
700,60,2025-10-22,2025-10-22 14:55:26,600406.SH,S,23.010,200
701,60,2025-10-22,2025-10-22 14:55:26,688772.SH,B,25.150,94
702,60,2025-10-22,2025-10-22 14:55:26,688772.SH,B,25.140,105
703,60,2025-10-22,2025-10-22 14:55:25,300395.SZ,S,80.800,100
704,60,2025-10-22,2025-10-22 14:55:24,000404.SZ,S,7.280,100
705,60,2025-10-22,2025-10-22 14:55:24,601816.SH,S,5.250,700
706,60,2025-10-22,2025-10-22 14:55:24,600406.SH,S,23.010,500
707,60,2025-10-22,2025-10-22 14:55:24,300409.SZ,S,23.080,500
708,60,2025-10-22,2025-10-22 14:55:23,600143.SH,S,19.630,1000
709,49,2025-10-22,2025-10-22 14:55:22,603633.SH,B,10.530,100
710,60,2025-10-22,2025-10-22 14:55:22,600406.SH,S,23.010,300
711,60,2025-10-22,2025-10-22 14:55:22,601619.SH,S,4.470,200
712,60,2025-10-22,2025-10-22 14:55:22,600160.SH,S,35.820,100
713,60,2025-10-22,2025-10-22 14:55:22,600160.SH,S,35.820,100
714,60,2025-10-22,2025-10-22 14:55:22,600160.SH,S,35.820,100
715,60,2025-10-22,2025-10-22 14:55:22,600160.SH,S,35.820,100
716,60,2025-10-22,2025-10-22 14:55:22,002965.SZ,S,39.100,100
717,60,2025-10-22,2025-10-22 14:55:22,600160.SH,S,35.820,100
718,60,2025-10-22,2025-10-22 14:55:22,002384.SZ,S,68.530,100
719,60,2025-10-22,2025-10-22 14:55:22,600160.SH,S,35.820,100
720,60,2025-10-22,2025-10-22 14:55:22,600089.SH,S,18.990,600
721,60,2025-10-22,2025-10-22 14:55:19,002299.SZ,S,16.170,900
722,49,2025-10-22,2025-10-22 14:55:18,603633.SH,B,10.530,400
723,49,2025-10-22,2025-10-22 14:55:17,002579.SZ,B,11.520,100
724,60,2025-10-22,2025-10-22 14:55:17,002158.SZ,S,25.410,600
725,49,2025-10-22,2025-10-22 14:55:17,688660.SH,B,21.810,551
726,60,2025-10-22,2025-10-22 14:55:16,000977.SZ,B,66.590,300
727,49,2025-10-22,2025-10-22 14:55:16,300236.SZ,B,58.240,100
728,60,2025-10-22,2025-10-22 14:55:15,002714.SZ,B,48.760,200
729,60,2025-10-22,2025-10-22 14:55:14,002714.SZ,B,48.760,200
730,60,2025-10-22,2025-10-22 14:55:13,600446.SH,S,16.850,1900
731,60,2025-10-22,2025-10-22 14:55:12,600690.SH,B,25.620,1100
732,58,2025-10-22,2025-10-22 14:55:12,000531.SZ,S,7.010,900
733,60,2025-10-22,2025-10-22 14:55:12,600446.SH,S,16.850,200
734,49,2025-10-22,2025-10-22 14:55:11,300363.SZ,B,24.510,200
735,60,2025-10-22,2025-10-22 14:55:11,600446.SH,S,16.850,400
736,60,2025-10-22,2025-10-22 14:55:12,001228.SZ,B,26.910,700
737,49,2025-10-22,2025-10-22 14:55:12,600167.SH,B,8.800,1200
738,60,2025-10-22,2025-10-22 14:55:11,002624.SZ,S,17.230,1600
739,58,2025-10-22,2025-10-22 14:55:11,603222.SH,S,10.170,200
740,60,2025-10-22,2025-10-22 14:55:09,600066.SH,B,28.840,400
741,60,2025-10-22,2025-10-22 14:55:09,600066.SH,B,28.840,800
742,60,2025-10-22,2025-10-22 14:55:09,002334.SZ,S,8.920,1700
743,60,2025-10-22,2025-10-22 14:55:09,600066.SH,B,28.840,100
744,60,2025-10-22,2025-10-22 14:55:08,002334.SZ,S,8.920,900
745,60,2025-10-22,2025-10-22 14:55:09,600066.SH,B,28.840,200
746,49,2025-10-22,2025-10-22 14:55:08,002812.SZ,B,40.090,100
747,60,2025-10-22,2025-10-22 14:55:07,601100.SH,B,92.580,100
748,60,2025-10-22,2025-10-22 14:55:07,603444.SH,S,467.370,100
749,49,2025-10-22,2025-10-22 14:55:07,300101.SZ,B,22.720,100
750,60,2025-10-22,2025-10-22 14:55:04,000955.SZ,B,5.610,200
751,49,2025-10-22,2025-10-22 14:55:04,002196.SZ,S,9.040,200
752,60,2025-10-22,2025-10-22 14:55:05,002295.SZ,B,12.630,500
753,49,2025-10-22,2025-10-22 14:55:04,603618.SH,B,8.590,400
754,60,2025-10-22,2025-10-22 14:55:04,000955.SZ,B,5.610,100
755,49,2025-10-22,2025-10-22 14:55:03,002679.SZ,S,11.020,500
756,49,2025-10-22,2025-10-22 14:55:03,002679.SZ,S,11.020,1000
757,60,2025-10-22,2025-10-22 14:55:03,000955.SZ,B,5.610,100
758,60,2025-10-22,2025-10-22 14:55:03,300115.SZ,S,36.350,600
759,59,2025-10-22,2025-10-22 14:55:03,002679.SZ,S,11.020,2200
760,60,2025-10-22,2025-10-22 14:55:02,000063.SZ,B,49.970,200
761,49,2025-10-22,2025-10-22 14:55:02,300827.SZ,B,29.370,200
762,49,2025-10-22,2025-10-22 14:55:03,002782.SZ,B,16.660,200
763,49,2025-10-22,2025-10-22 14:55:03,300432.SZ,B,17.800,600
764,49,2025-10-22,2025-10-22 14:55:02,300316.SZ,B,40.960,100
765,49,2025-10-22,2025-10-22 14:55:02,300192.SZ,B,17.650,100
766,60,2025-10-22,2025-10-22 14:55:01,600988.SH,B,28.470,200
767,59,2025-10-22,2025-10-22 14:55:01,002219.SZ,B,2.370,400
768,60,2025-10-22,2025-10-22 14:55:00,600166.SH,S,2.740,1000
769,60,2025-10-22,2025-10-22 14:55:00,600166.SH,S,2.740,400
770,60,2025-10-22,2025-10-22 14:55:00,600166.SH,S,2.740,1200
771,60,2025-10-22,2025-10-22 14:55:00,002269.SZ,B,2.380,2100
772,60,2025-10-22,2025-10-22 14:55:00,300760.SZ,B,220.260,100
773,60,2025-10-22,2025-10-22 14:55:00,600166.SH,S,2.740,200
774,49,2025-10-22,2025-10-22 14:54:59,300548.SZ,B,102.540,100
775,60,2025-10-22,2025-10-22 14:54:59,600487.SH,B,20.930,700
776,49,2025-10-22,2025-10-22 14:54:57,002497.SZ,B,15.660,1200
777,60,2025-10-22,2025-10-22 14:54:58,600875.SH,B,20.360,600
778,60,2025-10-22,2025-10-22 14:54:58,601698.SH,B,20.740,300
779,60,2025-10-22,2025-10-22 14:54:57,601939.SH,B,9.380,2300
780,49,2025-10-22,2025-10-22 14:54:57,002456.SZ,B,11.770,300
781,49,2025-10-22,2025-10-22 14:54:56,300872.SZ,B,21.850,100
782,60,2025-10-22,2025-10-22 14:54:56,600166.SH,S,2.740,500
783,60,2025-10-22,2025-10-22 14:54:55,000955.SZ,B,5.610,500
784,60,2025-10-22,2025-10-22 14:54:55,000955.SZ,B,5.610,500
785,60,2025-10-22,2025-10-22 14:54:55,000955.SZ,B,5.610,500
786,60,2025-10-22,2025-10-22 14:54:55,002027.SZ,S,7.440,100
787,60,2025-10-22,2025-10-22 14:54:55,000955.SZ,B,5.610,500
788,60,2025-10-22,2025-10-22 14:54:55,000955.SZ,B,5.610,100
789,60,2025-10-22,2025-10-22 14:54:55,002027.SZ,S,7.440,100
790,60,2025-10-22,2025-10-22 14:54:55,000955.SZ,B,5.610,500
791,60,2025-10-22,2025-10-22 14:54:55,000955.SZ,B,5.610,500
792,60,2025-10-22,2025-10-22 14:54:55,002027.SZ,S,7.440,100
793,60,2025-10-22,2025-10-22 14:54:55,000955.SZ,B,5.610,500
794,60,2025-10-22,2025-10-22 14:54:55,002027.SZ,S,7.440,800
795,49,2025-10-22,2025-10-22 14:54:55,300438.SZ,B,32.970,300
796,60,2025-10-22,2025-10-22 14:54:55,000955.SZ,B,5.610,500
797,60,2025-10-22,2025-10-22 14:54:55,300438.SZ,B,32.970,200
798,60,2025-10-22,2025-10-22 14:54:55,002027.SZ,S,7.440,700
799,60,2025-10-22,2025-10-22 14:54:55,000955.SZ,B,5.610,500
800,60,2025-10-22,2025-10-22 14:54:55,002813.SZ,B,27.100,200
801,49,2025-10-22,2025-10-22 14:54:55,000060.SZ,B,5.540,1000
802,60,2025-10-22,2025-10-22 14:54:55,600989.SH,S,16.940,1100
803,58,2025-10-22,2025-10-22 14:54:55,300006.SZ,S,4.700,100
804,58,2025-10-22,2025-10-22 14:54:55,300006.SZ,S,4.700,100
805,58,2025-10-22,2025-10-22 14:54:55,300006.SZ,S,4.700,100
806,58,2025-10-22,2025-10-22 14:54:55,300006.SZ,S,4.700,100
807,58,2025-10-22,2025-10-22 14:54:55,300006.SZ,S,4.700,100
808,58,2025-10-22,2025-10-22 14:54:55,300006.SZ,S,4.700,100
809,58,2025-10-22,2025-10-22 14:54:55,300006.SZ,S,4.700,100
810,58,2025-10-22,2025-10-22 14:54:55,300006.SZ,S,4.700,200
811,58,2025-10-22,2025-10-22 14:54:55,300006.SZ,S,4.700,100
812,58,2025-10-22,2025-10-22 14:54:55,300006.SZ,S,4.700,100
813,60,2025-10-22,2025-10-22 14:54:53,600989.SH,S,16.940,900
814,60,2025-10-22,2025-10-22 14:54:53,002558.SZ,B,40.030,200
815,49,2025-10-22,2025-10-22 14:54:53,605358.SH,B,31.450,200
816,49,2025-10-22,2025-10-22 14:54:52,688779.SH,B,7.040,557
817,49,2025-10-22,2025-10-22 14:54:52,605566.SH,B,26.840,100
818,60,2025-10-22,2025-10-22 14:54:51,600989.SH,S,16.940,200
819,49,2025-10-22,2025-10-22 14:54:51,300797.SZ,B,17.200,200
820,49,2025-10-22,2025-10-22 14:54:51,688108.SH,B,28.050,7
821,49,2025-10-22,2025-10-22 14:54:51,688108.SH,B,28.050,200
822,49,2025-10-22,2025-10-22 14:54:51,688108.SH,B,28.050,65
823,60,2025-10-22,2025-10-22 14:54:51,600487.SH,B,20.930,900
824,60,2025-10-22,2025-10-22 14:54:50,600989.SH,S,16.940,200
825,60,2025-10-22,2025-10-22 14:54:50,002436.SZ,B,19.660,2000
826,49,2025-10-22,2025-10-22 14:54:50,605358.SH,B,31.440,100
827,60,2025-10-22,2025-10-22 14:54:50,601727.SH,B,9.270,1000
828,60,2025-10-22,2025-10-22 14:54:48,688303.SH,S,26.940,200
829,60,2025-10-22,2025-10-22 14:54:46,002472.SZ,B,42.920,100
830,60,2025-10-22,2025-10-22 14:54:46,002367.SZ,S,6.810,100
831,60,2025-10-22,2025-10-22 14:54:46,002436.SZ,B,19.660,400
832,60,2025-10-22,2025-10-22 14:54:45,600989.SH,S,16.940,200
833,49,2025-10-22,2025-10-22 14:54:45,300824.SZ,B,11.790,100
834,60,2025-10-22,2025-10-22 14:54:45,600233.SH,B,17.040,600
835,60,2025-10-22,2025-10-22 14:54:45,600233.SH,B,17.040,100
836,60,2025-10-22,2025-10-22 14:54:44,002384.SZ,S,68.550,100
837,60,2025-10-22,2025-10-22 14:54:44,002384.SZ,S,68.550,100
838,49,2025-10-22,2025-10-22 14:54:44,300291.SZ,B,6.170,600
839,49,2025-10-22,2025-10-22 14:54:44,300457.SZ,B,30.840,100
840,60,2025-10-22,2025-10-22 14:54:44,002536.SZ,B,22.730,200
841,60,2025-10-22,2025-10-22 14:54:43,000568.SZ,S,134.670,200
842,49,2025-10-22,2025-10-22 14:54:44,002536.SZ,B,22.730,200
843,60,2025-10-22,2025-10-22 14:54:43,688390.SH,S,52.330,100
844,60,2025-10-22,2025-10-22 14:54:41,000426.SZ,S,30.590,1300
845,49,2025-10-22,2025-10-22 14:54:40,301015.SZ,B,25.890,100
846,60,2025-10-22,2025-10-22 14:54:40,000426.SZ,S,30.590,200
847,60,2025-10-22,2025-10-22 14:54:40,002269.SZ,B,2.380,1400
848,49,2025-10-22,2025-10-22 14:54:40,301015.SZ,B,25.890,200
849,60,2025-10-22,2025-10-22 14:54:40,000426.SZ,S,30.590,700
850,49,2025-10-22,2025-10-22 14:54:39,002805.SZ,B,13.790,300
851,60,2025-10-22,2025-10-22 14:54:39,600887.SH,B,27.270,600
852,49,2025-10-22,2025-10-22 14:54:38,300711.SZ,B,20.460,100
853,60,2025-10-22,2025-10-22 14:54:38,688390.SH,S,52.330,200
854,49,2025-10-22,2025-10-22 14:54:38,301007.SZ,B,39.650,100
855,49,2025-10-22,2025-10-22 14:54:37,300019.SZ,B,20.600,100
856,52,2025-10-22,2025-10-22 14:54:37,002269.SZ,B,2.380,100
857,49,2025-10-22,2025-10-22 14:54:36,002805.SZ,B,13.790,100
858,49,2025-10-22,2025-10-22 14:54:36,002805.SZ,B,13.790,100
859,49,2025-10-22,2025-10-22 14:54:35,000417.SZ,S,7.800,444
860,49,2025-10-22,2025-10-22 14:54:36,301558.SZ,B,8.620,100
861,49,2025-10-22,2025-10-22 14:54:35,301229.SZ,B,22.010,100
862,49,2025-10-22,2025-10-22 14:54:35,000417.SZ,S,7.800,200
863,49,2025-10-22,2025-10-22 14:54:34,000417.SZ,S,7.800,100
864,60,2025-10-22,2025-10-22 14:54:34,001309.SZ,S,189.820,100
865,49,2025-10-22,2025-10-22 14:54:34,000417.SZ,S,7.800,1856
866,59,2025-10-22,2025-10-22 14:54:34,601137.SH,B,22.490,400
867,61,2025-10-22,2025-10-22 14:54:34,601137.SH,B,22.490,700
868,60,2025-10-22,2025-10-22 14:54:34,002831.SZ,B,26.730,400
869,60,2025-10-22,2025-10-22 14:54:34,002831.SZ,B,26.730,100
870,60,2025-10-22,2025-10-22 14:54:34,603988.SH,B,27.650,300
871,60,2025-10-22,2025-10-22 14:54:33,002831.SZ,B,26.720,500
872,49,2025-10-22,2025-10-22 14:54:34,601137.SH,B,22.490,300
873,60,2025-10-22,2025-10-22 14:54:33,600000.SH,B,13.060,700
874,60,2025-10-22,2025-10-22 14:54:33,601567.SH,S,23.130,900
875,61,2025-10-22,2025-10-22 14:54:33,600509.SH,B,8.320,300
876,49,2025-10-22,2025-10-22 14:54:32,601865.SH,B,16.180,100
877,49,2025-10-22,2025-10-22 14:54:33,600509.SH,B,8.320,700
878,60,2025-10-22,2025-10-22 14:54:32,002831.SZ,B,26.720,200
879,49,2025-10-22,2025-10-22 14:54:31,002706.SZ,B,11.380,1200
880,60,2025-10-22,2025-10-22 14:54:31,000757.SZ,B,5.750,2300
881,49,2025-10-22,2025-10-22 14:54:31,600500.SH,B,4.160,600
882,49,2025-10-22,2025-10-22 14:54:31,000757.SZ,B,5.750,2000
883,61,2025-10-22,2025-10-22 14:54:31,000757.SZ,B,5.750,300
884,60,2025-10-22,2025-10-22 14:54:30,601519.SH,S,14.050,1400
885,60,2025-10-22,2025-10-22 14:54:30,301345.SZ,S,238.440,100
886,49,2025-10-22,2025-10-22 14:54:29,300435.SZ,B,20.860,500
887,49,2025-10-22,2025-10-22 14:54:29,603326.SH,S,9.170,100
888,60,2025-10-22,2025-10-22 14:54:29,300435.SZ,B,20.860,300
889,60,2025-10-22,2025-10-22 14:54:29,002831.SZ,B,26.710,200
890,49,2025-10-22,2025-10-22 14:54:29,000031.SZ,B,3.420,100
891,60,2025-10-22,2025-10-22 14:54:28,300003.SZ,S,17.360,500
892,60,2025-10-22,2025-10-22 14:54:28,300003.SZ,S,17.360,200
893,60,2025-10-22,2025-10-22 14:54:28,002736.SZ,B,13.650,3000
894,49,2025-10-22,2025-10-22 14:54:27,601968.SH,B,5.340,2800
895,52,2025-10-22,2025-10-22 14:54:27,603307.SH,S,45.680,100
896,49,2025-10-22,2025-10-22 14:54:26,603365.SH,B,18.170,200
897,60,2025-10-22,2025-10-22 14:54:27,300765.SZ,B,40.840,200
898,60,2025-10-22,2025-10-22 14:54:27,000651.SZ,B,40.580,579
899,60,2025-10-22,2025-10-22 14:54:26,600733.SH,S,7.930,5900
900,60,2025-10-22,2025-10-22 14:54:26,600733.SH,S,7.930,100
901,49,2025-10-22,2025-10-22 14:54:25,601018.SH,B,3.840,600
902,60,2025-10-22,2025-10-22 14:54:25,000975.SZ,B,22.300,500
903,60,2025-10-22,2025-10-22 14:54:25,000975.SZ,B,22.300,300
904,60,2025-10-22,2025-10-22 14:54:25,000975.SZ,B,22.300,200
905,60,2025-10-22,2025-10-22 14:54:25,600733.SH,S,7.930,2000
906,59,2025-10-22,2025-10-22 14:54:24,600712.SH,S,7.150,200
907,52,2025-10-22,2025-10-22 14:54:22,600712.SH,S,7.150,200
908,60,2025-10-22,2025-10-22 14:54:24,300774.SZ,B,13.770,400
909,60,2025-10-22,2025-10-22 14:54:24,000651.SZ,B,40.580,21
910,60,2025-10-22,2025-10-22 14:54:24,300774.SZ,B,13.770,200
911,61,2025-10-22,2025-10-22 14:54:23,600712.SH,S,7.150,500
912,60,2025-10-22,2025-10-22 14:54:22,600733.SH,S,7.930,100
913,49,2025-10-22,2025-10-22 14:54:22,300722.SZ,B,30.400,100
914,60,2025-10-22,2025-10-22 14:54:22,603920.SH,S,40.490,100
915,49,2025-10-22,2025-10-22 14:54:21,000070.SZ,B,9.440,200
916,60,2025-10-22,2025-10-22 14:54:22,600733.SH,S,7.930,1900
917,60,2025-10-22,2025-10-22 14:54:21,000568.SZ,S,134.670,100
918,60,2025-10-22,2025-10-22 14:54:21,600760.SH,B,63.030,200
919,60,2025-10-22,2025-10-22 14:54:20,601377.SH,S,6.460,100
920,60,2025-10-22,2025-10-22 14:54:20,002746.SZ,S,6.230,300
921,49,2025-10-22,2025-10-22 14:54:19,301229.SZ,B,22.010,100
922,49,2025-10-22,2025-10-22 14:54:20,300774.SZ,B,13.770,300
923,60,2025-10-22,2025-10-22 14:54:20,002755.SZ,B,19.610,400
924,49,2025-10-22,2025-10-22 14:54:19,002204.SZ,B,6.790,500
925,60,2025-10-22,2025-10-22 14:54:19,600733.SH,S,7.930,100
926,60,2025-10-22,2025-10-22 14:54:19,600733.SH,S,7.930,100
927,60,2025-10-22,2025-10-22 14:54:19,600733.SH,S,7.930,100
928,60,2025-10-22,2025-10-22 14:54:18,600028.SH,B,5.510,2468
929,60,2025-10-22,2025-10-22 14:54:19,600733.SH,S,7.930,100
930,60,2025-10-22,2025-10-22 14:54:18,600028.SH,B,5.510,1832
931,60,2025-10-22,2025-10-22 14:54:18,600733.SH,S,7.930,400
932,60,2025-10-22,2025-10-22 14:54:18,600733.SH,S,7.930,400
933,60,2025-10-22,2025-10-22 14:54:17,600733.SH,S,7.930,300
934,60,2025-10-22,2025-10-22 14:54:18,000776.SZ,B,22.370,2200
935,60,2025-10-22,2025-10-22 14:54:17,600733.SH,S,7.930,200
936,60,2025-10-22,2025-10-22 14:54:17,600733.SH,S,7.930,200
937,60,2025-10-22,2025-10-22 14:54:17,600733.SH,S,7.930,100
938,60,2025-10-22,2025-10-22 14:54:17,600733.SH,S,7.930,100
939,60,2025-10-22,2025-10-22 14:54:17,600733.SH,S,7.930,100
940,60,2025-10-22,2025-10-22 14:54:17,600733.SH,S,7.930,200
941,60,2025-10-22,2025-10-22 14:54:17,600733.SH,S,7.930,100
942,60,2025-10-22,2025-10-22 14:54:17,600733.SH,S,7.930,100
943,60,2025-10-22,2025-10-22 14:54:17,600050.SH,S,5.540,15700
944,60,2025-10-22,2025-10-22 14:54:17,600733.SH,S,7.930,100
945,60,2025-10-22,2025-10-22 14:54:17,600400.SH,B,2.780,7400
946,60,2025-10-22,2025-10-22 14:54:16,300655.SZ,S,13.740,600
947,60,2025-10-22,2025-10-22 14:54:17,600733.SH,S,7.930,100
948,49,2025-10-22,2025-10-22 14:54:16,600105.SH,S,14.080,500
949,60,2025-10-22,2025-10-22 14:54:16,603799.SH,S,61.770,200
950,49,2025-10-22,2025-10-22 14:54:16,600642.SH,B,8.110,200
951,60,2025-10-22,2025-10-22 14:54:16,600676.SH,B,6.810,500
952,60,2025-10-22,2025-10-22 14:54:15,603799.SH,S,61.770,100
953,49,2025-10-22,2025-10-22 14:54:16,600642.SH,B,8.110,100
954,60,2025-10-22,2025-10-22 14:54:15,600733.SH,S,7.930,100
955,60,2025-10-22,2025-10-22 14:54:15,600733.SH,S,7.930,100
956,60,2025-10-22,2025-10-22 14:54:13,600733.SH,S,7.930,1000
957,59,2025-10-22,2025-10-22 14:54:12,002255.SZ,S,8.920,200
958,49,2025-10-22,2025-10-22 14:54:12,601900.SH,B,13.590,100
959,49,2025-10-22,2025-10-22 14:54:13,002583.SZ,B,11.190,100
960,60,2025-10-22,2025-10-22 14:54:12,002258.SZ,S,12.080,100
961,60,2025-10-22,2025-10-22 14:54:12,600733.SH,S,7.930,700
962,60,2025-10-22,2025-10-22 14:54:12,603863.SH,B,18.210,600
963,60,2025-10-22,2025-10-22 14:54:11,002714.SZ,B,48.770,240
964,60,2025-10-22,2025-10-22 14:54:11,300655.SZ,S,13.740,100
965,49,2025-10-22,2025-10-22 14:54:11,000957.SZ,B,12.460,200
966,49,2025-10-22,2025-10-22 14:54:11,600400.SH,B,2.780,900
967,49,2025-10-22,2025-10-22 14:54:11,600400.SH,B,2.780,2200
968,49,2025-10-22,2025-10-22 14:54:11,300497.SZ,B,10.490,400
969,60,2025-10-22,2025-10-22 14:54:11,002714.SZ,B,48.770,100
970,60,2025-10-22,2025-10-22 14:54:11,002714.SZ,B,48.770,200
971,60,2025-10-22,2025-10-22 14:54:11,002714.SZ,B,48.770,60
972,60,2025-10-22,2025-10-22 14:54:10,002258.SZ,S,12.080,100
973,60,2025-10-22,2025-10-22 14:54:10,600673.SH,B,20.860,300
974,60,2025-10-22,2025-10-22 14:54:10,002258.SZ,S,12.080,100
975,60,2025-10-22,2025-10-22 14:54:09,002335.SZ,S,62.300,100
976,60,2025-10-22,2025-10-22 14:54:09,002258.SZ,S,12.080,100
977,60,2025-10-22,2025-10-22 14:54:09,301358.SZ,B,52.870,200
978,60,2025-10-22,2025-10-22 14:54:09,002258.SZ,S,12.080,100
979,60,2025-10-22,2025-10-22 14:54:09,002335.SZ,S,62.300,100
980,60,2025-10-22,2025-10-22 14:54:08,002335.SZ,S,62.300,100
981,60,2025-10-22,2025-10-22 14:54:07,002335.SZ,S,62.300,100
982,60,2025-10-22,2025-10-22 14:54:07,002258.SZ,S,12.080,100
983,60,2025-10-22,2025-10-22 14:54:07,002335.SZ,S,62.300,100
984,60,2025-10-22,2025-10-22 14:54:07,000166.SZ,S,5.370,1400
985,60,2025-10-22,2025-10-22 14:54:06,002258.SZ,S,12.080,400
986,49,2025-10-22,2025-10-22 14:54:06,000672.SZ,S,11.100,100
987,60,2025-10-22,2025-10-22 14:54:06,002258.SZ,S,12.080,100
988,60,2025-10-22,2025-10-22 14:54:06,002258.SZ,S,12.080,100
989,60,2025-10-22,2025-10-22 14:54:06,300476.SZ,B,279.180,200
990,60,2025-10-22,2025-10-22 14:54:05,000718.SZ,S,2.840,3200
991,49,2025-10-22,2025-10-22 14:54:05,300642.SZ,B,25.800,100
992,49,2025-10-22,2025-10-22 14:54:05,300642.SZ,B,25.800,400
993,60,2025-10-22,2025-10-22 14:54:04,002468.SZ,S,15.470,200
994,49,2025-10-22,2025-10-22 14:54:04,000758.SZ,B,6.850,2100
995,60,2025-10-22,2025-10-22 14:54:04,002126.SZ,B,36.520,100
996,60,2025-10-22,2025-10-22 14:54:04,002468.SZ,S,15.470,100
997,49,2025-10-22,2025-10-22 14:54:03,002390.SZ,S,4.010,700
998,49,2025-10-22,2025-10-22 14:54:03,002390.SZ,S,4.010,600
999,49,2025-10-22,2025-10-22 14:54:03,002390.SZ,S,4.010,1200
1000,49,2025-10-22,2025-10-22 14:54:03,002390.SZ,S,4.010,400
1001,49,2025-10-22,2025-10-22 14:54:03,002390.SZ,S,4.010,700
1002,49,2025-10-22,2025-10-22 14:54:03,002390.SZ,S,4.010,400
1003,49,2025-10-22,2025-10-22 14:54:03,002390.SZ,S,4.010,500
1004,60,2025-10-22,2025-10-22 14:54:03,002625.SZ,B,46.970,400
1005,49,2025-10-22,2025-10-22 14:54:02,600470.SH,B,6.170,7800
1006,60,2025-10-22,2025-10-22 14:54:02,002468.SZ,S,15.470,900
1007,49,2025-10-22,2025-10-22 14:54:02,603757.SH,B,41.720,100
1008,49,2025-10-22,2025-10-22 14:54:02,002053.SZ,B,13.070,300
1009,49,2025-10-22,2025-10-22 14:54:01,603037.SH,B,14.680,500
1010,49,2025-10-22,2025-10-22 14:54:01,603037.SH,B,14.680,100
1011,49,2025-10-22,2025-10-22 14:54:01,605189.SH,B,17.590,100
1012,49,2025-10-22,2025-10-22 14:54:01,002158.SZ,B,25.380,300
1013,49,2025-10-22,2025-10-22 14:54:01,300127.SZ,B,34.960,100
1014,49,2025-10-22,2025-10-22 14:54:01,603499.SH,B,16.450,100
1015,49,2025-10-22,2025-10-22 14:54:00,605189.SH,B,17.590,100
1016,49,2025-10-22,2025-10-22 14:54:00,600686.SH,B,12.850,200
1017,60,2025-10-22,2025-10-22 14:54:00,600326.SH,B,12.340,400
1018,52,2025-10-22,2025-10-22 14:54:00,300680.SZ,B,54.000,100
1019,60,2025-10-22,2025-10-22 14:54:00,601601.SH,B,37.240,800
1020,60,2025-10-22,2025-10-22 14:54:00,601601.SH,B,37.240,100
1021,60,2025-10-22,2025-10-22 14:54:00,002240.SZ,S,19.940,700
1022,60,2025-10-22,2025-10-22 14:54:00,002240.SZ,S,19.940,500
1023,60,2025-10-22,2025-10-22 14:54:00,002240.SZ,S,19.940,200
1024,49,2025-10-22,2025-10-22 14:54:00,300184.SZ,B,10.840,300
1025,60,2025-10-22,2025-10-22 14:53:59,002240.SZ,S,19.940,700
1026,49,2025-10-22,2025-10-22 14:53:59,300940.SZ,B,26.240,100
1027,60,2025-10-22,2025-10-22 14:53:59,002240.SZ,S,19.940,100
1028,60,2025-10-22,2025-10-22 14:53:58,603848.SH,B,21.690,200
1029,60,2025-10-22,2025-10-22 14:53:57,603848.SH,B,21.690,300
1030,49,2025-10-22,2025-10-22 14:53:57,002396.SZ,B,26.160,600
1031,49,2025-10-22,2025-10-22 14:53:57,688620.SH,B,12.780,418
1032,49,2025-10-22,2025-10-22 14:53:55,688219.SH,B,12.110,16
1033,49,2025-10-22,2025-10-22 14:53:55,603169.SH,B,8.180,600
1034,49,2025-10-22,2025-10-22 14:53:55,688219.SH,B,12.110,100
1035,60,2025-10-22,2025-10-22 14:53:55,000977.SZ,B,66.560,300
1036,49,2025-10-22,2025-10-22 14:53:55,600251.SH,B,8.750,100
1037,61,2025-10-22,2025-10-22 14:53:55,300073.SZ,B,64.310,300
1038,49,2025-10-22,2025-10-22 14:53:55,600251.SH,B,8.750,200
1039,49,2025-10-22,2025-10-22 14:53:55,600251.SH,B,8.750,200
1040,49,2025-10-22,2025-10-22 14:53:55,600251.SH,B,8.750,200
1041,60,2025-10-22,2025-10-22 14:53:55,600667.SH,S,8.740,400
1042,60,2025-10-22,2025-10-22 14:53:54,002080.SZ,S,32.390,1400
1043,60,2025-10-22,2025-10-22 14:53:54,300842.SZ,S,64.930,100
1044,60,2025-10-22,2025-10-22 14:53:53,002080.SZ,S,32.390,200
1045,60,2025-10-22,2025-10-22 14:53:53,002922.SZ,B,22.290,1200
1046,60,2025-10-22,2025-10-22 14:53:53,002353.SZ,S,51.820,700
1047,60,2025-10-22,2025-10-22 14:53:53,002796.SZ,B,18.070,400
1048,49,2025-10-22,2025-10-22 14:53:51,688223.SH,B,5.350,1124
1049,61,2025-10-22,2025-10-22 14:53:50,002679.SZ,S,11.030,200
1050,49,2025-10-22,2025-10-22 14:53:50,000682.SZ,B,11.730,100
1051,49,2025-10-22,2025-10-22 14:53:50,301082.SZ,S,18.840,100
1052,61,2025-10-22,2025-10-22 14:53:50,002679.SZ,S,11.030,300
1053,60,2025-10-22,2025-10-22 14:53:49,601825.SH,B,8.830,1100
1054,61,2025-10-22,2025-10-22 14:53:50,002679.SZ,S,11.030,300
1055,61,2025-10-22,2025-10-22 14:53:50,002679.SZ,S,11.030,300
1056,61,2025-10-22,2025-10-22 14:53:50,002679.SZ,S,11.030,300
1057,61,2025-10-22,2025-10-22 14:53:50,002679.SZ,S,11.030,300
1058,60,2025-10-22,2025-10-22 14:53:49,600900.SH,B,28.050,1600
1059,49,2025-10-22,2025-10-22 14:53:48,000566.SZ,B,5.870,10
1060,49,2025-10-22,2025-10-22 14:53:48,000566.SZ,B,5.870,100
1061,49,2025-10-22,2025-10-22 14:53:48,000566.SZ,B,5.870,100
1062,61,2025-10-22,2025-10-22 14:53:49,002679.SZ,S,11.030,400
1063,49,2025-10-22,2025-10-22 14:53:49,601899.SH,B,29.540,100
1064,60,2025-10-22,2025-10-22 14:53:49,601899.SH,B,29.540,1300
1065,49,2025-10-22,2025-10-22 14:53:48,000566.SZ,B,5.870,90
1066,60,2025-10-22,2025-10-22 14:53:47,600219.SH,S,4.060,1900
1067,49,2025-10-22,2025-10-22 14:53:46,002998.SZ,B,8.500,700
1068,60,2025-10-22,2025-10-22 14:53:46,301607.SZ,B,42.740,100
1069,60,2025-10-22,2025-10-22 14:53:45,603301.SH,S,72.280,100
1070,60,2025-10-22,2025-10-22 14:53:46,603329.SH,B,12.130,300
1071,49,2025-10-22,2025-10-22 14:53:45,600507.SH,B,5.560,300
1072,60,2025-10-22,2025-10-22 14:53:45,000558.SZ,B,5.390,1000
1073,49,2025-10-22,2025-10-22 14:53:44,603959.SH,B,6.870,700
1074,49,2025-10-22,2025-10-22 14:53:44,300453.SZ,B,9.240,100
1075,60,2025-10-22,2025-10-22 14:53:43,600025.SH,S,10.010,200
1076,60,2025-10-22,2025-10-22 14:53:43,600025.SH,S,10.010,100
1077,60,2025-10-22,2025-10-22 14:53:43,600025.SH,S,10.010,200
1078,60,2025-10-22,2025-10-22 14:53:43,600025.SH,S,10.010,100
1079,49,2025-10-22,2025-10-22 14:53:43,603829.SH,S,20.260,200
1080,60,2025-10-22,2025-10-22 14:53:43,600025.SH,S,10.010,1500
1081,60,2025-10-22,2025-10-22 14:53:43,600025.SH,S,10.010,200
1082,60,2025-10-22,2025-10-22 14:53:43,600025.SH,S,10.010,100
1083,60,2025-10-22,2025-10-22 14:53:43,600025.SH,S,10.010,100
1084,60,2025-10-22,2025-10-22 14:53:43,600025.SH,S,10.010,100
1085,60,2025-10-22,2025-10-22 14:53:43,600025.SH,S,10.010,500
1086,60,2025-10-22,2025-10-22 14:53:43,600025.SH,S,10.010,500
1087,49,2025-10-22,2025-10-22 14:53:43,603429.SH,B,9.830,500
1088,61,2025-10-22,2025-10-22 14:53:43,603829.SH,S,20.260,100
1089,49,2025-10-22,2025-10-22 14:53:43,603959.SH,B,6.870,200
1090,60,2025-10-22,2025-10-22 14:53:43,600025.SH,S,10.010,100
1091,49,2025-10-22,2025-10-22 14:53:43,600345.SH,B,26.810,100
1092,60,2025-10-22,2025-10-22 14:53:42,601012.SH,B,18.760,1400
1093,49,2025-10-22,2025-10-22 14:53:42,600159.SH,S,3.200,500
1094,60,2025-10-22,2025-10-22 14:53:41,601816.SH,S,5.250,4800
1095,49,2025-10-22,2025-10-22 14:53:41,688219.SH,B,12.110,200
1096,49,2025-10-22,2025-10-22 14:53:41,688219.SH,B,12.110,55
1097,60,2025-10-22,2025-10-22 14:53:40,603359.SH,B,8.800,3700
1098,60,2025-10-22,2025-10-22 14:53:40,600048.SH,S,7.580,1200
1099,49,2025-10-22,2025-10-22 14:53:39,600846.SH,B,13.810,100
1100,49,2025-10-22,2025-10-22 14:53:39,600418.SH,B,49.010,100
1101,60,2025-10-22,2025-10-22 14:53:37,002364.SZ,B,26.810,500
1102,60,2025-10-22,2025-10-22 14:53:37,600183.SH,S,58.580,100
1103,60,2025-10-22,2025-10-22 14:53:37,603228.SH,B,60.940,400
1104,49,2025-10-22,2025-10-22 14:53:36,600785.SH,B,13.320,300
1105,60,2025-10-22,2025-10-22 14:53:36,600111.SH,B,50.730,200
1106,60,2025-10-22,2025-10-22 14:53:35,600111.SH,B,50.730,400
1107,60,2025-10-22,2025-10-22 14:53:35,002701.SZ,B,6.110,900
1108,60,2025-10-22,2025-10-22 14:53:35,002701.SZ,B,6.110,900
1109,60,2025-10-22,2025-10-22 14:53:35,002701.SZ,B,6.110,1400
1110,60,2025-10-22,2025-10-22 14:53:35,002701.SZ,B,6.110,1300
1111,60,2025-10-22,2025-10-22 14:53:35,002701.SZ,B,6.110,1000
1112,60,2025-10-22,2025-10-22 14:53:35,002701.SZ,B,6.110,900
1113,60,2025-10-22,2025-10-22 14:53:35,002701.SZ,B,6.110,300
1114,60,2025-10-22,2025-10-22 14:53:35,002701.SZ,B,6.110,100
1115,60,2025-10-22,2025-10-22 14:53:35,002701.SZ,B,6.110,100
1116,60,2025-10-22,2025-10-22 14:53:34,300124.SZ,S,79.160,1500
1117,60,2025-10-22,2025-10-22 14:53:34,002545.SZ,S,13.560,400
1118,60,2025-10-22,2025-10-22 14:53:34,300124.SZ,S,79.160,100
1119,60,2025-10-22,2025-10-22 14:53:34,002241.SZ,B,32.410,300
1120,60,2025-10-22,2025-10-22 14:53:34,300124.SZ,S,79.160,100
1121,60,2025-10-22,2025-10-22 14:53:34,002241.SZ,B,32.410,700
1122,60,2025-10-22,2025-10-22 14:53:34,300124.SZ,S,79.160,500
1123,60,2025-10-22,2025-10-22 14:53:34,002241.SZ,B,32.410,200
1124,49,2025-10-22,2025-10-22 14:53:34,600345.SH,B,26.810,200
1125,49,2025-10-22,2025-10-22 14:53:33,002346.SZ,B,17.920,100
1126,60,2025-10-22,2025-10-22 14:53:34,300124.SZ,S,79.160,100
1127,60,2025-10-22,2025-10-22 14:53:33,002346.SZ,B,17.920,200
1128,60,2025-10-22,2025-10-22 14:53:33,600497.SH,S,6.640,2900
1129,49,2025-10-22,2025-10-22 14:53:33,603959.SH,B,6.870,600
1130,49,2025-10-22,2025-10-22 14:53:33,300055.SZ,B,7.100,300
1131,60,2025-10-22,2025-10-22 14:53:32,601628.SH,B,43.960,200
1132,49,2025-10-22,2025-10-22 14:53:32,002492.SZ,B,7.770,600
1133,60,2025-10-22,2025-10-22 14:53:32,600010.SH,B,2.640,14400
1134,49,2025-10-22,2025-10-22 14:53:32,000981.SZ,B,4.010,1900
1135,49,2025-10-22,2025-10-22 14:53:32,600010.SH,B,2.640,2700
1136,60,2025-10-22,2025-10-22 14:53:32,000981.SZ,B,4.010,5800
1137,49,2025-10-22,2025-10-22 14:53:31,603959.SH,B,6.870,400
1138,49,2025-10-22,2025-10-22 14:53:31,000525.SZ,B,6.530,100
1139,49,2025-10-22,2025-10-22 14:53:31,000718.SZ,B,2.830,400
1140,49,2025-10-22,2025-10-22 14:53:31,300055.SZ,B,7.100,300
1141,60,2025-10-22,2025-10-22 14:53:31,002792.SZ,B,18.330,1200
1142,49,2025-10-22,2025-10-22 14:53:31,603595.SH,B,22.130,100
1143,49,2025-10-22,2025-10-22 14:53:30,000718.SZ,B,2.830,100
1144,49,2025-10-22,2025-10-22 14:53:30,600926.SH,B,16.430,100
1145,49,2025-10-22,2025-10-22 14:53:30,000718.SZ,B,2.830,100
1146,60,2025-10-22,2025-10-22 14:53:30,603286.SH,B,41.410,100
1147,60,2025-10-22,2025-10-22 14:53:30,603286.SH,B,41.410,300
1148,49,2025-10-22,2025-10-22 14:53:30,000718.SZ,B,2.830,300
1149,60,2025-10-22,2025-10-22 14:53:30,002436.SZ,B,19.670,800
1150,49,2025-10-22,2025-10-22 14:53:30,300331.SZ,B,32.120,200
1151,60,2025-10-22,2025-10-22 14:53:30,603030.SH,B,3.380,2100
1152,60,2025-10-22,2025-10-22 14:53:30,002545.SZ,S,13.560,400
1153,49,2025-10-22,2025-10-22 14:53:30,000718.SZ,B,2.830,600
1154,49,2025-10-22,2025-10-22 14:53:29,002237.SZ,B,13.120,3500
1155,60,2025-10-22,2025-10-22 14:53:29,600015.SH,S,6.960,4900
1156,60,2025-10-22,2025-10-22 14:53:29,688223.SH,B,5.350,3092
1157,60,2025-10-22,2025-10-22 14:53:29,002237.SZ,B,13.120,300
1158,49,2025-10-22,2025-10-22 14:53:28,002361.SZ,B,6.510,300
1159,60,2025-10-22,2025-10-22 14:53:27,300207.SZ,B,29.790,300
1160,49,2025-10-22,2025-10-22 14:53:26,002212.SZ,B,9.430,300
1161,49,2025-10-22,2025-10-22 14:53:26,300890.SZ,B,33.640,100
1162,60,2025-10-22,2025-10-22 14:53:25,600958.SH,S,11.130,600
1163,60,2025-10-22,2025-10-22 14:53:22,001228.SZ,B,26.920,400
1164,49,2025-10-22,2025-10-22 14:53:21,002628.SZ,B,5.080,100
1165,49,2025-10-22,2025-10-22 14:53:21,000917.SZ,B,8.550,100
1166,61,2025-10-22,2025-10-22 14:53:19,003016.SZ,S,8.460,900
1167,49,2025-10-22,2025-10-22 14:53:20,600609.SH,B,4.700,100
1168,49,2025-10-22,2025-10-22 14:53:20,000917.SZ,B,8.550,100
1169,61,2025-10-22,2025-10-22 14:53:19,003016.SZ,S,8.460,400
1170,49,2025-10-22,2025-10-22 14:53:20,000558.SZ,B,5.390,500
1171,49,2025-10-22,2025-10-22 14:53:19,000917.SZ,B,8.550,400
1172,52,2025-10-22,2025-10-22 14:53:19,300018.SZ,S,11.050,100
1173,49,2025-10-22,2025-10-22 14:53:18,603725.SH,B,10.530,200
1174,61,2025-10-22,2025-10-22 14:53:18,603500.SH,S,12.370,100
1175,49,2025-10-22,2025-10-22 14:53:18,603725.SH,B,10.530,400
1176,60,2025-10-22,2025-10-22 14:53:18,600693.SH,B,6.110,300
1177,49,2025-10-22,2025-10-22 14:53:18,600693.SH,B,6.110,1200
1178,49,2025-10-22,2025-10-22 14:53:18,600693.SH,B,6.110,300
1179,49,2025-10-22,2025-10-22 14:53:18,600693.SH,B,6.110,500
1180,49,2025-10-22,2025-10-22 14:53:18,003010.SZ,B,42.400,100
1181,60,2025-10-22,2025-10-22 14:53:18,003010.SZ,B,42.400,100
1182,49,2025-10-22,2025-10-22 14:53:18,000920.SZ,B,12.640,100
1183,49,2025-10-22,2025-10-22 14:53:18,688567.SH,B,17.040,337
1184,49,2025-10-22,2025-10-22 14:53:18,300666.SZ,B,92.380,100
1185,49,2025-10-22,2025-10-22 14:53:17,002475.SZ,B,60.030,100
1186,49,2025-10-22,2025-10-22 14:53:17,600301.SH,B,26.980,200
1187,49,2025-10-22,2025-10-22 14:53:17,600301.SH,B,26.980,100
1188,49,2025-10-22,2025-10-22 14:53:16,601399.SH,B,3.630,1200
1189,61,2025-10-22,2025-10-22 14:53:17,002358.SZ,S,5.070,400
1190,60,2025-10-22,2025-10-22 14:53:17,000938.SZ,B,27.690,400
1191,49,2025-10-22,2025-10-22 14:53:16,300110.SZ,B,3.400,300
1192,49,2025-10-22,2025-10-22 14:53:17,688567.SH,B,17.040,120
1193,49,2025-10-22,2025-10-22 14:53:17,300846.SZ,B,21.420,200
1194,60,2025-10-22,2025-10-22 14:53:16,002130.SZ,B,28.400,400
1195,60,2025-10-22,2025-10-22 14:53:16,002015.SZ,S,10.910,600
1196,60,2025-10-22,2025-10-22 14:53:15,000938.SZ,B,27.690,100
1197,49,2025-10-22,2025-10-22 14:53:15,002627.SZ,B,6.090,1000
1198,49,2025-10-22,2025-10-22 14:53:15,002634.SZ,B,4.940,300
1199,49,2025-10-22,2025-10-22 14:53:14,002706.SZ,B,11.380,400
1200,60,2025-10-22,2025-10-22 14:53:14,002015.SZ,S,10.910,1400
1201,49,2025-10-22,2025-10-22 14:53:13,002792.SZ,B,18.330,400
1202,49,2025-10-22,2025-10-22 14:53:13,603693.SH,B,12.770,100
1203,49,2025-10-22,2025-10-22 14:53:12,600266.SH,B,5.520,600
1204,49,2025-10-22,2025-10-22 14:53:13,000923.SZ,B,17.970,200
1205,49,2025-10-22,2025-10-22 14:53:12,002239.SZ,B,3.190,1300
1206,49,2025-10-22,2025-10-22 14:53:11,600490.SH,B,8.500,50
1207,49,2025-10-22,2025-10-22 14:53:12,603083.SH,B,111.920,100
1208,60,2025-10-22,2025-10-22 14:53:11,600490.SH,B,8.500,350
1209,49,2025-10-22,2025-10-22 14:53:11,600490.SH,B,8.500,350
1210,49,2025-10-22,2025-10-22 14:53:12,300409.SZ,B,23.090,300
1211,60,2025-10-22,2025-10-22 14:53:11,600490.SH,B,8.500,750
1212,49,2025-10-22,2025-10-22 14:53:11,300328.SZ,B,15.140,400
1213,60,2025-10-22,2025-10-22 14:53:10,601618.SH,B,3.670,40100
1214,49,2025-10-22,2025-10-22 14:53:09,000726.SZ,B,7.390,100
1215,60,2025-10-22,2025-10-22 14:53:10,603421.SH,B,7.470,1000
1216,60,2025-10-22,2025-10-22 14:53:09,600315.SH,B,26.780,300
1217,58,2025-10-22,2025-10-22 14:53:09,600712.SH,S,7.150,400
1218,49,2025-10-22,2025-10-22 14:53:09,000598.SZ,B,6.970,100
1219,49,2025-10-22,2025-10-22 14:53:09,000598.SZ,B,6.970,100
1220,60,2025-10-22,2025-10-22 14:53:08,600988.SH,B,28.500,200
1221,49,2025-10-22,2025-10-22 14:53:08,600675.SH,B,3.190,1300
1222,49,2025-10-22,2025-10-22 14:53:09,000598.SZ,B,6.970,100
1223,49,2025-10-22,2025-10-22 14:53:08,600758.SH,B,4.320,2800
1224,60,2025-10-22,2025-10-22 14:53:08,300499.SZ,B,29.140,200
1225,49,2025-10-22,2025-10-22 14:53:08,300499.SZ,B,29.140,200
1226,60,2025-10-22,2025-10-22 14:53:07,601766.SH,S,7.940,100
1227,60,2025-10-22,2025-10-22 14:53:08,000726.SZ,S,7.390,600
1228,60,2025-10-22,2025-10-22 14:53:08,000726.SZ,S,7.390,100
1229,49,2025-10-22,2025-10-22 14:53:07,002303.SZ,B,4.630,100
1230,49,2025-10-22,2025-10-22 14:53:08,002905.SZ,B,10.530,100
1231,60,2025-10-22,2025-10-22 14:53:07,600428.SH,S,7.220,1400
1232,60,2025-10-22,2025-10-22 14:53:07,600150.SH,B,35.660,500
1233,60,2025-10-22,2025-10-22 14:53:07,603986.SH,B,210.090,100
1234,49,2025-10-22,2025-10-22 14:53:07,002303.SZ,B,4.630,700
1235,60,2025-10-22,2025-10-22 14:53:07,601766.SH,S,7.940,800
1236,60,2025-10-22,2025-10-22 14:53:07,601766.SH,S,7.940,1000
1237,49,2025-10-22,2025-10-22 14:53:07,002460.SZ,B,60.780,100
1238,49,2025-10-22,2025-10-22 14:53:07,002045.SZ,B,16.020,100
1239,60,2025-10-22,2025-10-22 14:53:07,601766.SH,S,7.940,800
1240,49,2025-10-22,2025-10-22 14:53:06,001208.SZ,B,12.100,100
1241,60,2025-10-22,2025-10-22 14:53:06,001228.SZ,B,26.920,100
1242,49,2025-10-22,2025-10-22 14:53:06,688219.SH,B,12.110,6
1243,49,2025-10-22,2025-10-22 14:53:06,688219.SH,B,12.110,194
1244,49,2025-10-22,2025-10-22 14:53:05,000530.SZ,B,6.690,100
1245,60,2025-10-22,2025-10-22 14:53:04,002015.SZ,S,10.910,1400
1246,60,2025-10-22,2025-10-22 14:53:05,600468.SH,S,6.780,1000
1247,49,2025-10-22,2025-10-22 14:53:04,603767.SH,B,25.560,100
1248,60,2025-10-22,2025-10-22 14:53:04,002129.SZ,B,8.830,2700
1249,60,2025-10-22,2025-10-22 14:53:03,600795.SH,S,5.080,5000
1250,49,2025-10-22,2025-10-22 14:53:04,605155.SH,B,15.090,200
1251,60,2025-10-22,2025-10-22 14:53:03,600795.SH,S,5.080,700
1252,49,2025-10-22,2025-10-22 14:53:04,002418.SZ,B,4.250,600
1253,49,2025-10-22,2025-10-22 14:53:03,601616.SH,B,4.230,1200
1254,49,2025-10-22,2025-10-22 14:53:03,000899.SZ,B,10.720,100
1255,60,2025-10-22,2025-10-22 14:53:03,600795.SH,S,5.080,100
1256,60,2025-10-22,2025-10-22 14:53:03,300073.SZ,B,64.330,100
1257,60,2025-10-22,2025-10-22 14:53:03,600795.SH,S,5.080,1400
1258,60,2025-10-22,2025-10-22 14:53:03,300073.SZ,B,64.330,100
1259,60,2025-10-22,2025-10-22 14:53:03,600795.SH,S,5.080,200
1260,60,2025-10-22,2025-10-22 14:53:03,300073.SZ,B,64.330,200
1261,60,2025-10-22,2025-10-22 14:53:01,600150.SH,B,35.660,400
1262,60,2025-10-22,2025-10-22 14:53:02,688249.SH,B,34.850,639
1263,60,2025-10-22,2025-10-22 14:53:01,603296.SH,S,91.680,100
1264,60,2025-10-22,2025-10-22 14:53:01,000708.SZ,S,13.590,200
1265,49,2025-10-22,2025-10-22 14:53:02,002545.SZ,B,13.570,100
1266,60,2025-10-22,2025-10-22 14:53:01,001330.SZ,B,6.140,9400
1267,60,2025-10-22,2025-10-22 14:53:01,002222.SZ,S,44.680,100
1268,49,2025-10-22,2025-10-22 14:53:01,002140.SZ,B,11.830,300
1269,49,2025-10-22,2025-10-22 14:53:00,601777.SH,B,11.140,700
1270,60,2025-10-22,2025-10-22 14:53:00,601777.SH,B,11.140,700
1271,49,2025-10-22,2025-10-22 14:53:00,603617.SH,B,7.780,100
1272,60,2025-10-22,2025-10-22 14:53:00,002206.SZ,S,6.100,10800
1273,60,2025-10-22,2025-10-22 14:53:00,601998.SH,B,7.940,600
1274,49,2025-10-22,2025-10-22 14:53:00,603617.SH,B,7.780,100
1275,60,2025-10-22,2025-10-22 14:53:00,601998.SH,B,7.940,7000
1276,49,2025-10-22,2025-10-22 14:53:00,600935.SH,B,2.660,800
1277,60,2025-10-22,2025-10-22 14:53:00,601998.SH,B,7.940,1100
1278,49,2025-10-22,2025-10-22 14:53:00,600935.SH,B,2.660,200
1279,60,2025-10-22,2025-10-22 14:52:59,601998.SH,B,7.940,400
1280,49,2025-10-22,2025-10-22 14:52:59,300491.SZ,B,33.920,100
1281,60,2025-10-22,2025-10-22 14:52:58,601399.SH,B,3.630,5000
1282,60,2025-10-22,2025-10-22 14:52:59,300475.SZ,S,108.460,200
1283,60,2025-10-22,2025-10-22 14:52:57,600660.SH,S,64.790,700
1284,60,2025-10-22,2025-10-22 14:52:57,002206.SZ,S,6.100,200
1285,60,2025-10-22,2025-10-22 14:52:57,002206.SZ,S,6.100,500
1286,61,2025-10-22,2025-10-22 14:52:57,300435.SZ,B,20.880,300
1287,60,2025-10-22,2025-10-22 14:52:56,001309.SZ,S,189.270,100
1288,49,2025-10-22,2025-10-22 14:52:56,600022.SH,B,1.660,1300
1289,49,2025-10-22,2025-10-22 14:52:56,300435.SZ,B,20.880,200
1290,60,2025-10-22,2025-10-22 14:52:56,300435.SZ,B,20.880,200
1291,49,2025-10-22,2025-10-22 14:52:55,600438.SH,B,22.470,700
1292,60,2025-10-22,2025-10-22 14:52:55,002831.SZ,B,26.750,100
1293,60,2025-10-22,2025-10-22 14:52:55,002831.SZ,B,26.750,600
1294,49,2025-10-22,2025-10-22 14:52:54,601789.SH,B,5.450,700
1295,49,2025-10-22,2025-10-22 14:52:54,601929.SH,B,3.620,2100
1296,60,2025-10-22,2025-10-22 14:52:55,002831.SZ,B,26.750,100
1297,60,2025-10-22,2025-10-22 14:52:54,002436.SZ,B,19.670,300
1298,60,2025-10-22,2025-10-22 14:52:54,000598.SZ,S,6.970,100
1299,60,2025-10-22,2025-10-22 14:52:54,000598.SZ,S,6.970,100
1300,60,2025-10-22,2025-10-22 14:52:54,000598.SZ,S,6.970,100
1301,60,2025-10-22,2025-10-22 14:52:54,000598.SZ,S,6.970,100
1302,60,2025-10-22,2025-10-22 14:52:54,000598.SZ,S,6.970,100
1303,60,2025-10-22,2025-10-22 14:52:54,000598.SZ,S,6.970,400
1304,60,2025-10-22,2025-10-22 14:52:54,000598.SZ,S,6.970,200
1305,60,2025-10-22,2025-10-22 14:52:54,000598.SZ,S,6.970,100
1306,60,2025-10-22,2025-10-22 14:52:54,000598.SZ,S,6.970,300
1307,49,2025-10-22,2025-10-22 14:52:54,301201.SZ,B,33.980,100
1308,60,2025-10-22,2025-10-22 14:52:54,000598.SZ,S,6.970,200
1309,60,2025-10-22,2025-10-22 14:52:53,300413.SZ,B,28.930,200
1310,60,2025-10-22,2025-10-22 14:52:53,300413.SZ,B,28.930,300
1311,60,2025-10-22,2025-10-22 14:52:52,600331.SH,S,9.970,3100
1312,60,2025-10-22,2025-10-22 14:52:52,600150.SH,B,35.660,100
1313,60,2025-10-22,2025-10-22 14:52:51,600266.SH,S,5.520,2900
1314,60,2025-10-22,2025-10-22 14:52:51,600266.SH,S,5.520,10000
1315,60,2025-10-22,2025-10-22 14:52:52,002206.SZ,S,6.100,600
1316,60,2025-10-22,2025-10-22 14:52:52,300502.SZ,B,363.250,200
1317,49,2025-10-22,2025-10-22 14:52:52,000758.SZ,B,6.840,1300
1318,49,2025-10-22,2025-10-22 14:52:51,002358.SZ,B,5.060,1300
1319,60,2025-10-22,2025-10-22 14:52:51,600266.SH,S,5.520,1300
1320,60,2025-10-22,2025-10-22 14:52:51,002796.SZ,B,18.080,200
1321,60,2025-10-22,2025-10-22 14:52:51,000333.SZ,B,73.940,100
1322,60,2025-10-22,2025-10-22 14:52:51,002206.SZ,S,6.100,100
1323,49,2025-10-22,2025-10-22 14:52:50,300725.SZ,B,40.270,100
1324,60,2025-10-22,2025-10-22 14:52:50,300953.SZ,S,169.770,200
1325,60,2025-10-22,2025-10-22 14:52:50,002206.SZ,S,6.100,100
1326,60,2025-10-22,2025-10-22 14:52:49,002534.SZ,B,16.260,100
1327,60,2025-10-22,2025-10-22 14:52:50,002206.SZ,S,6.100,1600
1328,49,2025-10-22,2025-10-22 14:52:49,002534.SZ,B,16.260,500
1329,59,2025-10-22,2025-10-22 14:52:49,002701.SZ,S,6.110,100
1330,49,2025-10-22,2025-10-22 14:52:48,000833.SZ,B,14.810,300
1331,60,2025-10-22,2025-10-22 14:52:48,600758.SH,B,4.320,300
1332,61,2025-10-22,2025-10-22 14:52:48,002701.SZ,B,6.110,300
1333,49,2025-10-22,2025-10-22 14:52:48,688219.SH,B,12.110,200
1334,60,2025-10-22,2025-10-22 14:52:46,600758.SH,B,4.320,1200
1335,60,2025-10-22,2025-10-22 14:52:46,600758.SH,B,4.320,700
1336,49,2025-10-22,2025-10-22 14:52:46,603063.SH,B,31.760,200
1337,49,2025-10-22,2025-10-22 14:52:44,002183.SZ,B,4.980,100
1338,49,2025-10-22,2025-10-22 14:52:44,002183.SZ,B,4.980,900
1339,49,2025-10-22,2025-10-22 14:52:45,603118.SH,B,11.650,200
1340,49,2025-10-22,2025-10-22 14:52:44,300444.SZ,B,8.440,600
1341,49,2025-10-22,2025-10-22 14:52:44,600962.SH,B,21.400,100
1342,60,2025-10-22,2025-10-22 14:52:43,002562.SZ,B,7.090,700
1343,60,2025-10-22,2025-10-22 14:52:42,601929.SH,B,3.620,2900
1344,49,2025-10-22,2025-10-22 14:52:43,002562.SZ,B,7.090,700
1345,60,2025-10-22,2025-10-22 14:52:42,601020.SH,B,26.450,400
1346,60,2025-10-22,2025-10-22 14:52:42,601929.SH,B,3.620,100
1347,60,2025-10-22,2025-10-22 14:52:42,000063.SZ,B,49.940,500
1348,60,2025-10-22,2025-10-22 14:52:42,002468.SZ,S,15.470,100
1349,49,2025-10-22,2025-10-22 14:52:42,002701.SZ,B,6.110,7100
1350,60,2025-10-22,2025-10-22 14:52:41,002468.SZ,S,15.470,300
1351,60,2025-10-22,2025-10-22 14:52:41,600745.SH,S,40.370,100
1352,49,2025-10-22,2025-10-22 14:52:42,300032.SZ,B,4.890,100
1353,60,2025-10-22,2025-10-22 14:52:41,601929.SH,B,3.620,100
1354,49,2025-10-22,2025-10-22 14:52:41,300682.SZ,B,18.340,100
1355,49,2025-10-22,2025-10-22 14:52:41,300682.SZ,B,18.340,100
1356,49,2025-10-22,2025-10-22 14:52:41,300682.SZ,B,18.340,100
1357,49,2025-10-22,2025-10-22 14:52:41,601619.SH,B,4.460,7100
1358,49,2025-10-22,2025-10-22 14:52:40,601619.SH,B,4.460,700
1359,49,2025-10-22,2025-10-22 14:52:40,002364.SZ,B,26.810,300
1360,49,2025-10-22,2025-10-22 14:52:39,000762.SZ,B,23.010,200
1361,52,2025-10-22,2025-10-22 14:52:28,300073.SZ,B,64.350,100
1362,52,2025-10-22,2025-10-22 14:52:28,300073.SZ,B,64.350,100
1363,49,2025-10-22,2025-10-22 14:52:39,603588.SH,B,7.470,1200
1364,49,2025-10-22,2025-10-22 14:52:38,600522.SH,B,17.470,100
1365,49,2025-10-22,2025-10-22 14:52:37,600706.SH,B,10.280,200
1366,49,2025-10-22,2025-10-22 14:52:38,600578.SH,B,4.790,100
1367,49,2025-10-22,2025-10-22 14:52:37,002922.SZ,B,22.280,100
1368,49,2025-10-22,2025-10-22 14:52:37,002922.SZ,B,22.280,200
1369,49,2025-10-22,2025-10-22 14:52:37,002922.SZ,B,22.280,200
1370,49,2025-10-22,2025-10-22 14:52:37,002922.SZ,B,22.280,200
1371,49,2025-10-22,2025-10-22 14:52:37,002922.SZ,B,22.280,200
1372,49,2025-10-22,2025-10-22 14:52:37,300410.SZ,B,9.050,100
1373,49,2025-10-22,2025-10-22 14:52:37,002922.SZ,B,22.280,200
1374,49,2025-10-22,2025-10-22 14:52:37,002067.SZ,S,6.820,700
1375,60,2025-10-22,2025-10-22 14:52:37,300207.SZ,B,29.790,300
1376,49,2025-10-22,2025-10-22 14:52:36,601156.SH,B,15.290,100
1377,60,2025-10-22,2025-10-22 14:52:36,601398.SH,S,7.770,300
1378,49,2025-10-22,2025-10-22 14:52:36,002497.SZ,B,15.670,400
1379,49,2025-10-22,2025-10-22 14:52:36,002497.SZ,B,15.670,200
1380,49,2025-10-22,2025-10-22 14:52:36,300493.SZ,B,19.890,200
1381,49,2025-10-22,2025-10-22 14:52:35,000823.SZ,B,12.690,200
1382,60,2025-10-22,2025-10-22 14:52:35,688428.SH,B,23.160,820
1383,60,2025-10-22,2025-10-22 14:52:35,300841.SZ,S,73.570,100
1384,49,2025-10-22,2025-10-22 14:52:35,000823.SZ,B,12.690,100
1385,49,2025-10-22,2025-10-22 14:52:34,603859.SH,B,42.370,100
1386,49,2025-10-22,2025-10-22 14:52:35,003019.SZ,B,33.240,100
1387,60,2025-10-22,2025-10-22 14:52:34,601398.SH,S,7.770,1000
1388,49,2025-10-22,2025-10-22 14:52:35,003019.SZ,B,33.240,100
1389,49,2025-10-22,2025-10-22 14:52:35,003019.SZ,B,33.240,100
1390,49,2025-10-22,2025-10-22 14:52:34,603920.SH,B,40.460,100
1391,60,2025-10-22,2025-10-22 14:52:33,601398.SH,S,7.770,1300
1392,49,2025-10-22,2025-10-22 14:52:34,300072.SZ,B,3.950,100
1393,49,2025-10-22,2025-10-22 14:52:33,688007.SH,B,17.880,773
1394,60,2025-10-22,2025-10-22 14:52:33,600760.SH,B,63.040,100
1395,60,2025-10-22,2025-10-22 14:52:32,601288.SH,S,8.070,2700
1396,60,2025-10-22,2025-10-22 14:52:33,300389.SZ,S,18.090,200
1397,49,2025-10-22,2025-10-22 14:52:32,002547.SZ,B,5.140,1000
1398,60,2025-10-22,2025-10-22 14:52:32,601288.SH,S,8.070,300
1399,60,2025-10-22,2025-10-22 14:52:33,601633.SH,B,22.870,600
1400,60,2025-10-22,2025-10-22 14:52:32,300389.SZ,S,18.090,200
1401,60,2025-10-22,2025-10-22 14:52:31,601857.SH,S,8.900,4700
1402,52,2025-10-22,2025-10-22 14:52:30,300655.SZ,B,13.730,100
1403,49,2025-10-22,2025-10-22 14:52:31,000008.SZ,B,2.920,500
1404,49,2025-10-22,2025-10-22 14:52:29,600459.SH,B,15.910,1
1405,60,2025-10-22,2025-10-22 14:52:30,600637.SH,B,9.120,500
1406,49,2025-10-22,2025-10-22 14:52:29,600459.SH,B,15.910,199
1407,60,2025-10-22,2025-10-22 14:52:29,002131.SZ,S,4.920,1500
1408,59,2025-10-22,2025-10-22 14:52:28,603353.SH,S,17.950,100
1409,49,2025-10-22,2025-10-22 14:52:27,600961.SH,B,14.970,700
1410,49,2025-10-22,2025-10-22 14:52:27,605358.SH,B,31.410,100
1411,49,2025-10-22,2025-10-22 14:52:28,301325.SZ,B,55.960,100
1412,52,2025-10-22,2025-10-22 14:52:26,002679.SZ,S,11.030,2100
1413,49,2025-10-22,2025-10-22 14:52:26,603031.SH,B,38.420,100
1414,49,2025-10-22,2025-10-22 14:52:25,002960.SZ,B,12.360,100
1415,49,2025-10-22,2025-10-22 14:52:25,002960.SZ,B,12.360,400
1416,60,2025-10-22,2025-10-22 14:52:24,000977.SZ,B,66.530,100
1417,49,2025-10-22,2025-10-22 14:52:24,601798.SH,B,10.000,300
1418,49,2025-10-22,2025-10-22 14:52:24,601798.SH,B,10.000,100
1419,49,2025-10-22,2025-10-22 14:52:24,601798.SH,B,10.000,300
1420,60,2025-10-22,2025-10-22 14:52:24,601798.SH,B,10.000,100
1421,60,2025-10-22,2025-10-22 14:52:24,601798.SH,B,10.000,1000
1422,49,2025-10-22,2025-10-22 14:52:23,002745.SZ,B,8.770,300
1423,49,2025-10-22,2025-10-22 14:52:23,300761.SZ,B,21.410,200
1424,60,2025-10-22,2025-10-22 14:52:23,600019.SH,S,7.160,3800
1425,49,2025-10-22,2025-10-22 14:52:22,300515.SZ,B,20.790,200
1426,49,2025-10-22,2025-10-22 14:52:22,601963.SH,B,10.350,200
1427,60,2025-10-22,2025-10-22 14:52:21,002163.SZ,B,10.710,100
1428,49,2025-10-22,2025-10-22 14:52:22,300748.SZ,B,38.460,100
1429,61,2025-10-22,2025-10-22 14:52:22,300748.SZ,B,38.460,300
1430,49,2025-10-22,2025-10-22 14:52:21,002163.SZ,B,10.710,700
1431,60,2025-10-22,2025-10-22 14:52:22,300602.SZ,B,31.310,300
1432,49,2025-10-22,2025-10-22 14:52:22,300602.SZ,B,31.310,200
1433,49,2025-10-22,2025-10-22 14:52:21,002202.SZ,S,15.060,200
1434,60,2025-10-22,2025-10-22 14:52:20,601106.SH,B,3.260,5800
1435,60,2025-10-22,2025-10-22 14:52:20,688428.SH,B,23.160,200
1436,60,2025-10-22,2025-10-22 14:52:19,000021.SZ,B,27.820,500
1437,49,2025-10-22,2025-10-22 14:52:17,002733.SZ,B,20.010,200
1438,49,2025-10-22,2025-10-22 14:52:17,603998.SH,B,11.970,100
1439,49,2025-10-22,2025-10-22 14:52:17,600388.SH,B,15.740,100
1440,60,2025-10-22,2025-10-22 14:52:17,601106.SH,B,3.260,3100
1441,60,2025-10-22,2025-10-22 14:52:17,600029.SH,S,6.640,3400
1442,49,2025-10-22,2025-10-22 14:52:17,300049.SZ,B,66.430,100
1443,49,2025-10-22,2025-10-22 14:52:17,300128.SZ,B,6.100,600
1444,60,2025-10-22,2025-10-22 14:52:16,601106.SH,B,3.260,100
1445,52,2025-10-22,2025-10-22 14:52:15,002448.SZ,B,10.960,100
1446,49,2025-10-22,2025-10-22 14:52:15,603098.SH,B,14.280,100
1447,49,2025-10-22,2025-10-22 14:52:13,002334.SZ,B,8.910,100
1448,49,2025-10-22,2025-10-22 14:52:13,300773.SZ,B,23.830,200
1449,49,2025-10-22,2025-10-22 14:52:14,600691.SH,B,2.950,700
1450,49,2025-10-22,2025-10-22 14:52:13,002334.SZ,B,8.910,400
1451,60,2025-10-22,2025-10-22 14:52:13,300432.SZ,B,17.800,1500
1452,60,2025-10-22,2025-10-22 14:52:13,002714.SZ,B,48.730,160
1453,60,2025-10-22,2025-10-22 14:52:12,601106.SH,B,3.260,3300
1454,49,2025-10-22,2025-10-22 14:52:11,300619.SZ,B,35.870,100
1455,49,2025-10-22,2025-10-22 14:52:11,002295.SZ,S,12.620,100
1456,60,2025-10-22,2025-10-22 14:52:10,002163.SZ,B,10.710,400
1457,60,2025-10-22,2025-10-22 14:52:10,600676.SH,B,6.810,100
1458,60,2025-10-22,2025-10-22 14:52:10,688012.SH,B,267.050,200
1459,60,2025-10-22,2025-10-22 14:52:10,002714.SZ,B,48.730,100
1460,60,2025-10-22,2025-10-22 14:52:10,002714.SZ,B,48.730,300
1461,60,2025-10-22,2025-10-22 14:52:10,002714.SZ,B,48.720,100
1462,60,2025-10-22,2025-10-22 14:52:10,003816.SZ,S,4.060,3900
1463,60,2025-10-22,2025-10-22 14:52:10,002714.SZ,B,48.720,200
1464,60,2025-10-22,2025-10-22 14:52:10,003816.SZ,S,4.060,300
1465,60,2025-10-22,2025-10-22 14:52:09,600676.SH,B,6.810,100
1466,49,2025-10-22,2025-10-22 14:52:10,000021.SZ,B,27.810,400
1467,60,2025-10-22,2025-10-22 14:52:10,002714.SZ,B,48.710,340
1468,49,2025-10-22,2025-10-22 14:52:09,300505.SZ,B,20.950,200
1469,60,2025-10-22,2025-10-22 14:52:10,003816.SZ,S,4.060,1500
1470,60,2025-10-22,2025-10-22 14:52:09,600676.SH,B,6.810,100
1471,59,2025-10-22,2025-10-22 14:52:01,603077.SH,S,2.130,100
1472,60,2025-10-22,2025-10-22 14:52:09,000568.SZ,S,134.690,100
1473,60,2025-10-22,2025-10-22 14:52:09,000568.SZ,S,134.690,100
1474,60,2025-10-22,2025-10-22 14:52:08,601225.SH,B,22.420,200
1475,60,2025-10-22,2025-10-22 14:52:08,002436.SZ,B,19.680,500
1476,49,2025-10-22,2025-10-22 14:52:08,603685.SH,B,19.040,100
1477,49,2025-10-22,2025-10-22 14:52:08,600207.SH,B,5.280,1100
1478,49,2025-10-22,2025-10-22 14:52:06,603032.SH,B,21.160,100
1479,60,2025-10-22,2025-10-22 14:52:06,600676.SH,B,6.810,200
1480,49,2025-10-22,2025-10-22 14:52:07,300378.SZ,B,49.400,100
1481,60,2025-10-22,2025-10-22 14:52:07,601106.SH,B,3.260,1100
1482,60,2025-10-22,2025-10-22 14:52:06,600428.SH,S,7.210,1200
1483,49,2025-10-22,2025-10-22 14:52:06,002533.SZ,B,12.210,100
1484,60,2025-10-22,2025-10-22 14:52:05,300316.SZ,S,40.940,100
1485,60,2025-10-22,2025-10-22 14:52:05,300316.SZ,S,40.940,100
1486,49,2025-10-22,2025-10-22 14:52:05,600395.SH,B,5.670,100
1487,60,2025-10-22,2025-10-22 14:52:04,601126.SH,B,26.320,200
1488,49,2025-10-22,2025-10-22 14:52:04,601279.SH,B,4.440,100
1489,60,2025-10-22,2025-10-22 14:52:04,600496.SH,B,4.160,6200
1490,49,2025-10-22,2025-10-22 14:52:04,600496.SH,B,4.160,5300
1491,49,2025-10-22,2025-10-22 14:52:03,002785.SZ,B,34.290,100
1492,49,2025-10-22,2025-10-22 14:52:02,002448.SZ,B,10.950,100
1493,60,2025-10-22,2025-10-22 14:52:03,603839.SH,B,9.170,600
1494,60,2025-10-22,2025-10-22 14:52:02,000063.SZ,B,49.930,100
1495,60,2025-10-22,2025-10-22 14:52:02,601009.SH,B,11.530,1800
1496,60,2025-10-22,2025-10-22 14:52:02,688063.SH,S,63.950,132
1497,60,2025-10-22,2025-10-22 14:52:01,688063.SH,S,63.950,200
1498,49,2025-10-22,2025-10-22 14:52:01,603766.SH,B,13.000,200
1499,49,2025-10-22,2025-10-22 14:52:01,600246.SH,B,11.840,200
1500,60,2025-10-22,2025-10-22 14:52:01,688063.SH,S,63.950,68
1501,60,2025-10-22,2025-10-22 14:52:01,601901.SH,S,8.110,900
1502,49,2025-10-22,2025-10-22 14:52:01,300464.SZ,B,6.990,700
1503,60,2025-10-22,2025-10-22 14:52:01,300464.SZ,B,6.990,1500
1504,60,2025-10-22,2025-10-22 14:52:00,601901.SH,S,8.110,100
1505,49,2025-10-22,2025-10-22 14:52:00,603032.SH,B,21.160,200
1506,49,2025-10-22,2025-10-22 14:52:00,000813.SZ,B,4.340,100
1507,60,2025-10-22,2025-10-22 14:52:00,000010.SZ,B,3.980,600
1508,60,2025-10-22,2025-10-22 14:52:00,000010.SZ,B,3.980,800
1509,60,2025-10-22,2025-10-22 14:52:00,601901.SH,S,8.110,900
1510,49,2025-10-22,2025-10-22 14:52:00,000813.SZ,B,4.340,100
1511,49,2025-10-22,2025-10-22 14:52:00,000523.SZ,B,3.250,200
1512,49,2025-10-22,2025-10-22 14:51:59,300213.SZ,B,8.960,100
1513,60,2025-10-22,2025-10-22 14:51:58,600745.SH,S,40.400,100
1514,60,2025-10-22,2025-10-22 14:51:58,600866.SH,S,7.530,4400
1515,49,2025-10-22,2025-10-22 14:51:57,600361.SH,B,4.310,200
1516,60,2025-10-22,2025-10-22 14:51:57,300790.SZ,S,29.670,700
1517,60,2025-10-22,2025-10-22 14:51:56,601606.SH,S,48.130,300
1518,59,2025-10-22,2025-10-22 14:51:56,002396.SZ,S,26.150,100
1519,52,2025-10-22,2025-10-22 14:51:31,003016.SZ,S,8.460,400
1520,60,2025-10-22,2025-10-22 14:51:56,600415.SH,B,18.610,600
1521,60,2025-10-22,2025-10-22 14:51:56,603286.SH,B,41.280,200
1522,49,2025-10-22,2025-10-22 14:51:55,688772.SH,B,25.130,200
1523,60,2025-10-22,2025-10-22 14:51:55,688772.SH,B,25.130,200
1524,60,2025-10-22,2025-10-22 14:51:54,300304.SZ,S,12.000,1900
1525,49,2025-10-22,2025-10-22 14:51:54,002186.SZ,B,11.570,200
1526,60,2025-10-22,2025-10-22 14:51:53,300790.SZ,S,29.670,100
1527,59,2025-10-22,2025-10-22 14:51:51,300369.SZ,S,7.490,100
1528,52,2025-10-22,2025-10-22 14:51:28,002545.SZ,B,13.560,72
1529,61,2025-10-22,2025-10-22 14:51:51,300369.SZ,S,7.490,300
1530,49,2025-10-22,2025-10-22 14:51:50,300092.SZ,B,16.900,100
1531,49,2025-10-22,2025-10-22 14:51:50,688772.SH,B,25.140,200
1532,60,2025-10-22,2025-10-22 14:51:50,688772.SH,B,25.140,200
1533,60,2025-10-22,2025-10-22 14:51:50,601901.SH,S,8.110,1700
1534,60,2025-10-22,2025-10-22 14:51:49,000977.SZ,B,66.540,100
1535,49,2025-10-22,2025-10-22 14:51:49,603178.SH,B,20.430,100
1536,49,2025-10-22,2025-10-22 14:51:48,600986.SH,S,8.340,100
1537,49,2025-10-22,2025-10-22 14:51:49,000657.SZ,B,18.150,100
1538,60,2025-10-22,2025-10-22 14:51:48,000333.SZ,B,73.910,100
1539,60,2025-10-22,2025-10-22 14:51:48,000010.SZ,B,3.980,100
1540,49,2025-10-22,2025-10-22 14:51:48,301177.SZ,B,32.490,100
1541,60,2025-10-22,2025-10-22 14:51:47,300390.SZ,B,23.310,200
1542,60,2025-10-22,2025-10-22 14:51:47,601169.SH,B,5.740,4500
1543,60,2025-10-22,2025-10-22 14:51:47,601126.SH,B,26.320,500
1544,49,2025-10-22,2025-10-22 14:51:46,301256.SZ,B,11.010,300
1545,60,2025-10-22,2025-10-22 14:51:47,300790.SZ,S,29.670,100
1546,60,2025-10-22,2025-10-22 14:51:47,000010.SZ,B,3.980,100
1547,60,2025-10-22,2025-10-22 14:51:46,601901.SH,S,8.110,600
1548,60,2025-10-22,2025-10-22 14:51:46,600362.SH,B,37.000,300
1549,60,2025-10-22,2025-10-22 14:51:45,600362.SH,B,37.000,1000
1550,49,2025-10-22,2025-10-22 14:51:45,000633.SZ,B,6.810,1400
1551,60,2025-10-22,2025-10-22 14:51:44,600011.SH,S,7.580,3400
1552,60,2025-10-22,2025-10-22 14:51:44,600011.SH,S,7.580,2000
1553,49,2025-10-22,2025-10-22 14:51:45,000633.SZ,B,6.810,900
1554,60,2025-10-22,2025-10-22 14:51:44,600011.SH,S,7.580,1200
1555,60,2025-10-22,2025-10-22 14:51:44,600011.SH,S,7.580,2100
1556,49,2025-10-22,2025-10-22 14:51:44,002215.SZ,B,11.060,100
1557,60,2025-10-22,2025-10-22 14:51:43,601006.SH,S,5.880,3600
1558,60,2025-10-22,2025-10-22 14:51:43,600150.SH,B,35.640,100
1559,49,2025-10-22,2025-10-22 14:51:43,002258.SZ,B,12.080,500
1560,60,2025-10-22,2025-10-22 14:51:43,300790.SZ,S,29.670,100
1561,60,2025-10-22,2025-10-22 14:51:42,300464.SZ,B,6.990,200
1562,49,2025-10-22,2025-10-22 14:51:41,603286.SH,B,41.280,100
1563,60,2025-10-22,2025-10-22 14:51:41,688063.SH,S,63.870,111
1564,49,2025-10-22,2025-10-22 14:51:40,603286.SH,B,41.280,100
1565,60,2025-10-22,2025-10-22 14:51:40,002246.SZ,B,19.130,200
1566,60,2025-10-22,2025-10-22 14:51:39,002396.SZ,S,26.160,500
1567,60,2025-10-22,2025-10-22 14:51:39,688063.SH,S,63.870,89
1568,60,2025-10-22,2025-10-22 14:51:39,000338.SZ,B,14.640,500
1569,49,2025-10-22,2025-10-22 14:51:39,605168.SH,B,29.910,100
1570,60,2025-10-22,2025-10-22 14:51:39,002396.SZ,S,26.160,200
1571,60,2025-10-22,2025-10-22 14:51:38,002396.SZ,S,26.160,200
1572,60,2025-10-22,2025-10-22 14:51:38,002396.SZ,S,26.160,200
1573,60,2025-10-22,2025-10-22 14:51:38,002396.SZ,S,26.160,500
1574,60,2025-10-22,2025-10-22 14:51:38,002396.SZ,S,26.160,400
1575,60,2025-10-22,2025-10-22 14:51:38,002396.SZ,S,26.160,200
1576,60,2025-10-22,2025-10-22 14:51:38,002396.SZ,S,26.160,100
1577,49,2025-10-22,2025-10-22 14:51:39,600362.SH,B,37.000,200
1578,60,2025-10-22,2025-10-22 14:51:38,002396.SZ,S,26.160,200
1579,49,2025-10-22,2025-10-22 14:51:38,300079.SZ,B,5.690,500
1580,60,2025-10-22,2025-10-22 14:51:38,002028.SZ,B,118.780,300
1581,60,2025-10-22,2025-10-22 14:51:38,603950.SH,S,35.580,200
1582,60,2025-10-22,2025-10-22 14:51:38,000006.SZ,S,13.160,1200
1583,60,2025-10-22,2025-10-22 14:51:38,002396.SZ,S,26.160,200
1584,60,2025-10-22,2025-10-22 14:51:38,300718.SZ,S,88.270,100
1585,60,2025-10-22,2025-10-22 14:51:38,002396.SZ,S,26.160,300
1586,60,2025-10-22,2025-10-22 14:51:38,002015.SZ,S,10.900,200
1587,60,2025-10-22,2025-10-22 14:51:38,002015.SZ,S,10.900,200
1588,60,2025-10-22,2025-10-22 14:51:38,002015.SZ,S,10.900,1000
1589,60,2025-10-22,2025-10-22 14:51:37,601020.SH,B,26.430,200
1590,60,2025-10-22,2025-10-22 14:51:38,002015.SZ,S,10.900,1800
1591,60,2025-10-22,2025-10-22 14:51:38,301200.SZ,S,102.970,200
1592,49,2025-10-22,2025-10-22 14:51:37,603050.SH,B,18.830,300
1593,60,2025-10-22,2025-10-22 14:51:37,600711.SH,B,10.470,500
1594,49,2025-10-22,2025-10-22 14:51:36,603936.SH,B,11.810,300
1595,52,2025-10-22,2025-10-22 14:51:36,603222.SH,S,10.150,100
1596,60,2025-10-22,2025-10-22 14:51:36,300790.SZ,S,29.670,100
1597,49,2025-10-22,2025-10-22 14:51:35,002233.SZ,B,9.000,200
1598,49,2025-10-22,2025-10-22 14:51:34,002857.SZ,B,24.800,100
1599,52,2025-10-22,2025-10-22 14:51:28,002545.SZ,B,13.560,28
1600,60,2025-10-22,2025-10-22 14:51:33,300498.SZ,B,18.110,1100
1601,49,2025-10-22,2025-10-22 14:51:34,600684.SH,B,5.700,300
1602,49,2025-10-22,2025-10-22 14:51:33,600780.SH,B,6.020,100
1603,49,2025-10-22,2025-10-22 14:51:33,300907.SZ,S,32.800,100
1604,60,2025-10-22,2025-10-22 14:51:33,600895.SH,B,45.590,100
1605,60,2025-10-22,2025-10-22 14:51:32,601606.SH,S,48.170,6
1606,60,2025-10-22,2025-10-22 14:51:32,601169.SH,B,5.740,1200
1607,60,2025-10-22,2025-10-22 14:51:32,601606.SH,S,48.170,94
1608,49,2025-10-22,2025-10-22 14:51:32,002690.SZ,B,19.760,300
1609,60,2025-10-22,2025-10-22 14:51:32,300498.SZ,B,18.110,300
1610,49,2025-10-22,2025-10-22 14:51:33,601020.SH,B,26.430,600
1611,49,2025-10-22,2025-10-22 14:51:32,300415.SZ,B,23.790,100
1612,60,2025-10-22,2025-10-22 14:51:32,300364.SZ,S,25.820,200
1613,49,2025-10-22,2025-10-22 14:51:32,002878.SZ,S,17.660,100
1614,61,2025-10-22,2025-10-22 14:51:32,002878.SZ,S,17.660,100
1615,58,2025-10-22,2025-10-22 14:51:32,002679.SZ,S,11.040,300
1616,58,2025-10-22,2025-10-22 14:51:32,002679.SZ,S,11.040,1300
1617,60,2025-10-22,2025-10-22 14:51:32,300364.SZ,S,25.820,300
1618,60,2025-10-22,2025-10-22 14:51:32,300364.SZ,S,25.820,100
1619,61,2025-10-22,2025-10-22 14:51:32,002679.SZ,S,11.050,3200
1620,49,2025-10-22,2025-10-22 14:51:31,002048.SZ,B,32.110,100
1621,49,2025-10-22,2025-10-22 14:51:30,600535.SH,B,15.880,100
1622,60,2025-10-22,2025-10-22 14:51:30,000001.SZ,S,11.520,1200
1623,60,2025-10-22,2025-10-22 14:51:29,300464.SZ,B,6.990,300
1624,49,2025-10-22,2025-10-22 14:51:29,688567.SH,B,17.040,200
1625,49,2025-10-22,2025-10-22 14:51:28,600406.SH,B,23.010,100
1626,60,2025-10-22,2025-10-22 14:51:29,000858.SZ,S,120.150,100
1627,49,2025-10-22,2025-10-22 14:51:28,605358.SH,B,31.420,100
1628,60,2025-10-22,2025-10-22 14:51:28,688223.SH,B,5.350,4400
1629,49,2025-10-22,2025-10-22 14:51:28,000917.SZ,B,8.550,1000
1630,60,2025-10-22,2025-10-22 14:51:27,601012.SH,B,18.750,1400
1631,60,2025-10-22,2025-10-22 14:51:27,601901.SH,S,8.110,6500
1632,49,2025-10-22,2025-10-22 14:51:25,000700.SZ,B,9.290,1000
