,fund_id,trade_dt,trade_time,s_info_windcode,direction,price,qty
0,58,2025-10-15,2025-10-15 14:56:37,002409.SZ,B,75.860,300
1,58,2025-10-15,2025-10-15 14:56:30,002492.SZ,S,8.130,1100
2,63,2025-10-15,2025-10-15 14:56:30,601916.SH,B,3.070,300
3,63,2025-10-15,2025-10-15 14:56:29,300414.SZ,S,12.220,200
4,61,2025-10-15,2025-10-15 14:56:22,000923.SZ,S,18.120,200
5,58,2025-10-15,2025-10-15 14:56:21,002394.SZ,S,11.980,500
6,63,2025-10-15,2025-10-15 14:56:21,002059.SZ,S,5.580,200
7,63,2025-10-15,2025-10-15 14:56:21,000923.SZ,S,18.120,200
8,63,2025-10-15,2025-10-15 14:56:21,000923.SZ,S,18.120,300
9,63,2025-10-15,2025-10-15 14:56:20,600475.SH,S,16.550,200
10,63,2025-10-15,2025-10-15 14:56:19,300511.SZ,S,6.970,600
11,63,2025-10-15,2025-10-15 14:56:17,603020.SH,S,10.430,400
12,58,2025-10-15,2025-10-15 14:56:14,000923.SZ,S,18.130,400
13,63,2025-10-15,2025-10-15 14:56:15,603020.SH,S,10.430,100
14,59,2025-10-15,2025-10-15 14:56:14,002394.SZ,S,11.980,500
15,52,2025-10-15,2025-10-15 14:56:14,002394.SZ,S,11.980,300
16,61,2025-10-15,2025-10-15 14:56:13,002394.SZ,S,11.980,1400
17,61,2025-10-15,2025-10-15 14:56:13,688141.SH,B,53.840,104
18,63,2025-10-15,2025-10-15 14:56:12,300059.SZ,B,25.530,200
19,61,2025-10-15,2025-10-15 14:56:12,300061.SZ,B,11.140,300
20,61,2025-10-15,2025-10-15 14:56:11,688141.SH,B,53.840,116
21,63,2025-10-15,2025-10-15 14:56:11,603020.SH,S,10.430,300
22,61,2025-10-15,2025-10-15 14:56:10,688141.SH,B,53.840,2
23,58,2025-10-15,2025-10-15 14:56:10,300843.SZ,B,51.530,100
24,59,2025-10-15,2025-10-15 14:56:08,000813.SZ,B,4.110,100
25,58,2025-10-15,2025-10-15 14:56:06,300843.SZ,B,51.530,100
26,58,2025-10-15,2025-10-15 14:56:04,600857.SH,S,16.950,200
27,63,2025-10-15,2025-10-15 14:56:03,601113.SH,S,4.420,1100
28,58,2025-10-15,2025-10-15 14:56:01,002957.SZ,S,20.740,300
29,63,2025-10-15,2025-10-15 14:56:00,002911.SZ,S,13.470,700
30,63,2025-10-15,2025-10-15 14:56:00,002911.SZ,S,13.470,100
31,63,2025-10-15,2025-10-15 14:56:00,002241.SZ,B,33.410,1000
32,59,2025-10-15,2025-10-15 14:56:00,000923.SZ,S,18.130,100
33,59,2025-10-15,2025-10-15 14:56:00,000923.SZ,S,18.130,100
34,59,2025-10-15,2025-10-15 14:56:00,000923.SZ,S,18.130,100
35,52,2025-10-15,2025-10-15 14:56:00,002957.SZ,S,20.730,100
36,61,2025-10-15,2025-10-15 14:55:58,002748.SZ,S,10.450,400
37,61,2025-10-15,2025-10-15 14:55:58,002748.SZ,S,10.450,500
38,61,2025-10-15,2025-10-15 14:55:58,002748.SZ,S,10.450,100
39,63,2025-10-15,2025-10-15 14:55:57,601868.SH,B,2.510,300
40,52,2025-10-15,2025-10-15 14:55:57,600022.SH,B,1.640,1100
41,61,2025-10-15,2025-10-15 14:55:49,300398.SZ,B,24.460,200
42,63,2025-10-15,2025-10-15 14:55:47,002738.SZ,B,48.350,100
43,58,2025-10-15,2025-10-15 14:55:43,301217.SZ,B,28.760,300
44,58,2025-10-15,2025-10-15 14:55:42,300547.SZ,B,39.440,100
45,61,2025-10-15,2025-10-15 14:55:36,002492.SZ,S,8.150,900
46,58,2025-10-15,2025-10-15 14:55:36,002146.SZ,B,1.630,300
47,63,2025-10-15,2025-10-15 14:55:12,002256.SZ,S,3.200,300
48,61,2025-10-15,2025-10-15 14:55:12,002256.SZ,S,3.200,700
49,59,2025-10-15,2025-10-15 14:55:12,002256.SZ,S,3.200,300
50,61,2025-10-15,2025-10-15 14:55:10,688141.SH,B,53.820,200
51,63,2025-10-15,2025-10-15 14:54:51,601818.SH,B,3.440,300
52,63,2025-10-15,2025-10-15 14:54:48,601689.SH,B,67.910,100
53,63,2025-10-15,2025-10-15 14:54:46,601658.SH,B,5.670,300
54,58,2025-10-15,2025-10-15 14:54:44,603889.SH,S,7.890,1600
55,58,2025-10-15,2025-10-15 14:54:40,300061.SZ,B,11.140,300
56,58,2025-10-15,2025-10-15 14:54:40,688403.SH,B,16.870,556
57,58,2025-10-15,2025-10-15 14:54:39,603889.SH,S,7.890,1000
58,58,2025-10-15,2025-10-15 14:54:35,300324.SZ,B,5.920,1400
59,63,2025-10-15,2025-10-15 14:54:29,300457.SZ,B,31.000,300
60,59,2025-10-15,2025-10-15 14:54:29,300457.SZ,B,31.000,300
61,52,2025-10-15,2025-10-15 14:54:26,300528.SZ,B,19.590,400
62,59,2025-10-15,2025-10-15 14:54:26,300185.SZ,B,3.160,100
63,59,2025-10-15,2025-10-15 14:54:24,603283.SH,B,45.450,100
64,58,2025-10-15,2025-10-15 14:54:22,300322.SZ,B,23.550,200
65,58,2025-10-15,2025-10-15 14:54:22,300322.SZ,B,23.550,100
66,58,2025-10-15,2025-10-15 14:54:19,688403.SH,B,16.870,200
67,59,2025-10-15,2025-10-15 14:54:17,000530.SZ,B,6.410,100
68,63,2025-10-15,2025-10-15 14:54:15,603020.SH,S,10.420,600
69,58,2025-10-15,2025-10-15 14:54:11,002515.SZ,S,7.200,100
70,58,2025-10-15,2025-10-15 14:54:02,002748.SZ,S,10.450,1500
71,52,2025-10-15,2025-10-15 14:54:02,002748.SZ,S,10.450,500
72,59,2025-10-15,2025-10-15 14:53:55,301217.SZ,B,28.750,100
73,52,2025-10-15,2025-10-15 14:52:02,300324.SZ,B,5.910,1100
74,58,2025-10-15,2025-10-15 14:53:12,300129.SZ,S,8.430,100
75,58,2025-10-15,2025-10-15 14:53:11,688403.SH,B,16.870,200
76,59,2025-10-15,2025-10-15 14:53:11,002691.SZ,S,8.180,200
77,61,2025-10-15,2025-10-15 14:53:09,002691.SZ,S,8.180,270
78,61,2025-10-15,2025-10-15 14:53:09,002691.SZ,S,8.180,100
79,61,2025-10-15,2025-10-15 14:53:08,002691.SZ,S,8.180,100
80,61,2025-10-15,2025-10-15 14:53:08,002691.SZ,S,8.180,30
81,59,2025-10-15,2025-10-15 14:53:05,002957.SZ,S,20.660,100
82,61,2025-10-15,2025-10-15 14:53:04,002957.SZ,S,20.660,200
83,61,2025-10-15,2025-10-15 14:53:04,002957.SZ,S,20.660,100
84,61,2025-10-15,2025-10-15 14:53:00,688593.SH,B,20.210,361
85,61,2025-10-15,2025-10-15 14:52:57,603889.SH,S,7.890,1800
86,63,2025-10-15,2025-10-15 14:52:57,603889.SH,S,7.890,1200
87,58,2025-10-15,2025-10-15 14:52:51,002639.SZ,B,11.320,300
88,59,2025-10-15,2025-10-15 14:52:45,600733.SH,S,7.870,100
89,59,2025-10-15,2025-10-15 14:52:44,300493.SZ,B,20.840,100
90,59,2025-10-15,2025-10-15 14:52:43,300773.SZ,B,24.370,200
91,52,2025-10-15,2025-10-15 14:51:26,002515.SZ,S,7.190,100
92,59,2025-10-15,2025-10-15 14:52:33,300322.SZ,B,23.530,200
93,59,2025-10-15,2025-10-15 14:52:32,600180.SH,B,4.740,100
94,63,2025-10-15,2025-10-15 14:52:26,601898.SH,S,12.390,100
95,63,2025-10-15,2025-10-15 14:52:25,601898.SH,S,12.390,400
96,61,2025-10-15,2025-10-15 14:52:20,000063.SZ,B,50.410,300
97,61,2025-10-15,2025-10-15 14:52:19,002752.SZ,S,5.660,100
98,59,2025-10-15,2025-10-15 14:52:19,002752.SZ,S,5.660,100
99,63,2025-10-15,2025-10-15 14:52:16,600415.SH,B,19.730,200
100,63,2025-10-15,2025-10-15 14:52:16,600415.SH,B,19.730,400
101,58,2025-10-15,2025-10-15 14:52:14,003040.SZ,B,20.850,300
102,61,2025-10-15,2025-10-15 14:52:14,688700.SH,B,36.350,62
103,58,2025-10-15,2025-10-15 14:52:13,002249.SZ,B,11.080,300
104,52,2025-10-15,2025-10-15 14:48:07,002911.SZ,S,13.490,200
105,61,2025-10-15,2025-10-15 14:52:11,688700.SH,B,36.350,538
106,58,2025-10-15,2025-10-15 14:52:09,000063.SZ,B,50.390,300
107,61,2025-10-15,2025-10-15 14:52:06,300903.SZ,B,13.170,400
108,59,2025-10-15,2025-10-15 14:52:06,300846.SZ,B,22.230,100
109,63,2025-10-15,2025-10-15 14:52:05,601113.SH,S,4.420,1000
110,58,2025-10-15,2025-10-15 14:52:04,300843.SZ,B,51.530,100
111,58,2025-10-15,2025-10-15 14:52:04,002492.SZ,S,8.140,800
112,52,2025-10-15,2025-10-15 14:52:04,600159.SH,S,2.970,1000
113,52,2025-10-15,2025-10-15 14:52:04,002492.SZ,S,8.140,200
114,58,2025-10-15,2025-10-15 14:52:02,600159.SH,S,2.970,2200
115,58,2025-10-15,2025-10-15 14:51:59,300468.SZ,B,38.720,100
116,63,2025-10-15,2025-10-15 14:51:51,603020.SH,S,10.410,900
117,59,2025-10-15,2025-10-15 14:51:47,000887.SZ,B,22.610,100
118,63,2025-10-15,2025-10-15 14:51:46,002241.SZ,B,33.430,100
119,59,2025-10-15,2025-10-15 14:51:44,300528.SZ,B,19.610,100
120,59,2025-10-15,2025-10-15 14:51:44,300528.SZ,B,19.610,100
121,61,2025-10-15,2025-10-15 14:51:38,603889.SH,S,7.880,650
122,61,2025-10-15,2025-10-15 14:51:38,603889.SH,S,7.880,950
123,61,2025-10-15,2025-10-15 14:51:38,000923.SZ,S,18.130,700
124,58,2025-10-15,2025-10-15 14:51:37,002048.SZ,B,33.600,100
125,63,2025-10-15,2025-10-15 14:51:37,603889.SH,S,7.880,1000
126,63,2025-10-15,2025-10-15 14:51:37,000923.SZ,S,18.130,1400
127,63,2025-10-15,2025-10-15 14:51:31,601113.SH,S,4.410,1800
128,61,2025-10-15,2025-10-15 14:51:23,300296.SZ,S,6.980,100
129,59,2025-10-15,2025-10-15 14:51:21,002146.SZ,B,1.630,100
130,58,2025-10-15,2025-10-15 14:51:21,601992.SH,B,1.820,300
131,59,2025-10-15,2025-10-15 14:51:19,003038.SZ,B,16.850,100
132,52,2025-10-15,2025-10-15 14:51:14,300528.SZ,B,19.620,700
133,58,2025-10-15,2025-10-15 14:51:06,000923.SZ,S,18.120,100
134,58,2025-10-15,2025-10-15 14:51:06,000923.SZ,S,18.120,100
135,58,2025-10-15,2025-10-15 14:51:06,000923.SZ,S,18.120,100
136,58,2025-10-15,2025-10-15 14:51:06,000923.SZ,S,18.120,100
137,58,2025-10-15,2025-10-15 14:51:06,000923.SZ,S,18.120,100
138,58,2025-10-15,2025-10-15 14:51:06,000923.SZ,S,18.120,100
139,59,2025-10-15,2025-10-15 14:51:06,000090.SZ,S,3.740,100
140,52,2025-10-15,2025-10-15 14:51:06,000923.SZ,S,18.120,300
141,63,2025-10-15,2025-10-15 14:51:03,002748.SZ,S,10.460,700
142,61,2025-10-15,2025-10-15 14:51:03,002748.SZ,S,10.460,300
143,61,2025-10-15,2025-10-15 14:51:03,002748.SZ,S,10.460,300
144,63,2025-10-15,2025-10-15 14:51:03,002748.SZ,S,10.460,300
145,59,2025-10-15,2025-10-15 14:51:03,002748.SZ,S,10.460,500
146,59,2025-10-15,2025-10-15 14:51:01,605580.SH,B,28.170,100
147,63,2025-10-15,2025-10-15 14:50:41,600475.SH,S,16.520,100
148,63,2025-10-15,2025-10-15 14:50:41,600475.SH,S,16.520,100
149,63,2025-10-15,2025-10-15 14:50:37,002515.SZ,S,7.180,500
150,59,2025-10-15,2025-10-15 14:50:29,300258.SZ,B,14.390,100
151,61,2025-10-15,2025-10-15 14:50:27,688141.SH,B,53.750,200
152,52,2025-10-15,2025-10-15 14:50:24,600857.SH,S,16.970,100
153,63,2025-10-15,2025-10-15 14:50:25,002674.SZ,S,14.640,300
154,59,2025-10-15,2025-10-15 14:50:22,300250.SZ,B,25.040,100
155,59,2025-10-15,2025-10-15 14:50:19,300843.SZ,B,51.570,100
156,58,2025-10-15,2025-10-15 14:50:18,001309.SZ,B,177.320,100
157,52,2025-10-15,2025-10-15 14:50:05,601113.SH,S,4.410,300
158,58,2025-10-15,2025-10-15 14:50:14,000766.SZ,B,25.120,300
159,59,2025-10-15,2025-10-15 14:50:14,603166.SH,B,17.910,100
160,59,2025-10-15,2025-10-15 14:50:08,600961.SH,B,16.800,100
161,59,2025-10-15,2025-10-15 14:50:07,600169.SH,B,2.710,100
162,58,2025-10-15,2025-10-15 14:50:07,600169.SH,B,2.710,500
163,59,2025-10-15,2025-10-15 14:50:04,000063.SZ,B,50.320,100
164,58,2025-10-15,2025-10-15 14:50:04,601121.SH,B,7.120,300
165,63,2025-10-15,2025-10-15 14:50:02,300511.SZ,S,6.960,800
166,61,2025-10-15,2025-10-15 14:50:02,002492.SZ,S,8.140,900
167,59,2025-10-15,2025-10-15 14:50:01,002492.SZ,S,8.140,50
168,59,2025-10-15,2025-10-15 14:50:01,002492.SZ,S,8.140,150
169,52,2025-10-15,2025-10-15 14:49:50,600236.SH,S,7.140,100
170,59,2025-10-15,2025-10-15 14:49:55,001309.SZ,B,177.500,100
171,58,2025-10-15,2025-10-15 14:49:51,603809.SH,S,14.550,400
172,52,2025-10-15,2025-10-15 14:49:45,603809.SH,S,14.550,100
173,58,2025-10-15,2025-10-15 14:49:47,301617.SZ,S,72.820,100
174,59,2025-10-15,2025-10-15 14:49:46,603809.SH,S,14.550,8
175,59,2025-10-15,2025-10-15 14:49:46,603809.SH,S,14.550,92
176,58,2025-10-15,2025-10-15 14:49:46,300547.SZ,B,39.440,200
177,59,2025-10-15,2025-10-15 14:49:46,300547.SZ,B,39.440,100
178,63,2025-10-15,2025-10-15 14:49:44,601898.SH,S,12.410,900
179,61,2025-10-15,2025-10-15 14:49:42,603809.SH,S,14.550,300
180,61,2025-10-15,2025-10-15 14:49:37,600732.SH,S,17.740,100
181,58,2025-10-15,2025-10-15 14:49:34,300846.SZ,B,22.170,300
182,52,2025-10-15,2025-10-15 14:49:00,000757.SZ,S,5.600,300
183,61,2025-10-15,2025-10-15 14:49:22,300846.SZ,B,22.160,300
184,58,2025-10-15,2025-10-15 14:49:18,000757.SZ,S,5.600,100
185,63,2025-10-15,2025-10-15 14:49:16,002241.SZ,B,33.450,100
186,58,2025-10-15,2025-10-15 14:49:15,600416.SH,B,15.610,300
187,59,2025-10-15,2025-10-15 14:49:14,603266.SH,B,23.260,100
188,58,2025-10-15,2025-10-15 14:49:14,000757.SZ,S,5.600,200
189,59,2025-10-15,2025-10-15 14:49:13,002150.SZ,B,18.790,100
190,58,2025-10-15,2025-10-15 14:49:13,002256.SZ,S,3.190,600
191,58,2025-10-15,2025-10-15 14:49:13,000757.SZ,S,5.600,700
192,52,2025-10-15,2025-10-15 14:46:20,002256.SZ,S,3.190,300
193,58,2025-10-15,2025-10-15 14:49:10,002394.SZ,S,12.000,900
194,59,2025-10-15,2025-10-15 14:49:08,000048.SZ,B,16.890,100
195,52,2025-10-15,2025-10-15 14:48:45,603052.SH,S,29.910,100
196,58,2025-10-15,2025-10-15 14:49:03,603067.SH,B,17.980,300
197,58,2025-10-15,2025-10-15 14:49:02,300761.SZ,B,22.980,200
198,58,2025-10-15,2025-10-15 14:49:02,300761.SZ,B,22.980,100
199,61,2025-10-15,2025-10-15 14:48:56,300903.SZ,B,13.200,800
200,59,2025-10-15,2025-10-15 14:48:47,002552.SZ,B,17.380,100
201,58,2025-10-15,2025-10-15 14:48:43,603052.SH,S,29.910,100
202,58,2025-10-15,2025-10-15 14:48:43,603052.SH,S,29.910,100
203,58,2025-10-15,2025-10-15 14:48:43,603052.SH,S,29.910,100
204,61,2025-10-15,2025-10-15 14:48:42,300398.SZ,B,24.540,400
205,61,2025-10-15,2025-10-15 14:48:39,600857.SH,S,16.970,200
206,61,2025-10-15,2025-10-15 14:48:38,603052.SH,S,29.920,300
207,59,2025-10-15,2025-10-15 14:48:38,603052.SH,S,29.920,100
208,58,2025-10-15,2025-10-15 14:48:37,603889.SH,S,7.890,4000
209,59,2025-10-15,2025-10-15 14:48:36,600857.SH,S,16.970,100
210,58,2025-10-15,2025-10-15 14:48:35,002048.SZ,B,33.730,200
211,61,2025-10-15,2025-10-15 14:48:29,000757.SZ,S,5.600,1100
212,63,2025-10-15,2025-10-15 14:48:29,000757.SZ,S,5.600,2300
213,63,2025-10-15,2025-10-15 14:48:28,000757.SZ,S,5.600,500
214,59,2025-10-15,2025-10-15 14:48:28,000757.SZ,S,5.600,400
215,58,2025-10-15,2025-10-15 14:48:21,002911.SZ,S,13.490,100
216,61,2025-10-15,2025-10-15 14:48:12,300129.SZ,S,8.430,200
217,59,2025-10-15,2025-10-15 14:48:10,000657.SZ,B,18.490,100
218,52,2025-10-15,2025-10-15 14:48:08,300773.SZ,B,24.370,752
219,58,2025-10-15,2025-10-15 14:48:08,300773.SZ,B,24.370,800
220,52,2025-10-15,2025-10-15 14:48:08,300773.SZ,B,24.370,200
221,52,2025-10-15,2025-10-15 14:48:08,300773.SZ,B,24.370,100
222,52,2025-10-15,2025-10-15 14:48:08,300773.SZ,B,24.370,48
223,58,2025-10-15,2025-10-15 14:48:07,601616.SH,B,4.360,300
224,58,2025-10-15,2025-10-15 14:48:02,601615.SH,B,16.600,300
225,61,2025-10-15,2025-10-15 14:47:54,301617.SZ,S,72.500,100
226,59,2025-10-15,2025-10-15 14:47:54,301617.SZ,S,72.500,100
227,59,2025-10-15,2025-10-15 14:47:52,002068.SZ,B,10.080,100
228,58,2025-10-15,2025-10-15 14:47:49,601600.SH,B,8.860,300
229,58,2025-10-15,2025-10-15 14:47:45,002145.SZ,B,5.770,100
230,58,2025-10-15,2025-10-15 14:47:45,002145.SZ,B,5.770,100
231,58,2025-10-15,2025-10-15 14:47:45,002145.SZ,B,5.770,100
232,59,2025-10-15,2025-10-15 14:47:44,600601.SH,B,10.080,200
233,61,2025-10-15,2025-10-15 14:47:38,002158.SZ,S,26.380,100
234,61,2025-10-15,2025-10-15 14:47:38,002158.SZ,S,26.380,100
235,63,2025-10-15,2025-10-15 14:47:35,300059.SZ,B,25.510,700
236,63,2025-10-15,2025-10-15 14:47:30,601689.SH,B,67.960,200
237,59,2025-10-15,2025-10-15 14:47:28,002491.SZ,B,5.210,100
238,59,2025-10-15,2025-10-15 14:47:26,002418.SZ,B,4.530,100
239,59,2025-10-15,2025-10-15 14:47:25,002269.SZ,B,2.380,100
240,59,2025-10-15,2025-10-15 14:47:24,300903.SZ,B,13.200,300
241,58,2025-10-15,2025-10-15 14:47:25,300185.SZ,B,3.150,300
242,58,2025-10-15,2025-10-15 14:47:23,300872.SZ,B,22.670,300
243,63,2025-10-15,2025-10-15 14:47:21,600977.SH,B,13.650,300
244,58,2025-10-15,2025-10-15 14:47:19,300398.SZ,B,24.510,100
245,63,2025-10-15,2025-10-15 14:47:18,600157.SH,B,1.690,300
246,58,2025-10-15,2025-10-15 14:47:18,300398.SZ,B,24.510,100
247,58,2025-10-15,2025-10-15 14:47:16,002390.SZ,B,3.740,300
248,58,2025-10-15,2025-10-15 14:47:17,300398.SZ,B,24.510,100
249,59,2025-10-15,2025-10-15 14:47:11,603127.SH,B,33.220,100
250,63,2025-10-15,2025-10-15 14:47:07,002418.SZ,S,4.530,100
251,58,2025-10-15,2025-10-15 14:47:04,000536.SZ,B,4.690,300
252,63,2025-10-15,2025-10-15 14:47:04,002688.SZ,S,6.900,100
253,63,2025-10-15,2025-10-15 14:47:04,002688.SZ,S,6.900,200
254,63,2025-10-15,2025-10-15 14:47:04,002688.SZ,S,6.900,200
255,63,2025-10-15,2025-10-15 14:47:04,002688.SZ,S,6.900,100
256,63,2025-10-15,2025-10-15 14:47:04,002688.SZ,S,6.900,200
257,63,2025-10-15,2025-10-15 14:47:04,002688.SZ,S,6.900,200
258,58,2025-10-15,2025-10-15 14:46:58,603256.SH,B,33.100,300
259,61,2025-10-15,2025-10-15 14:46:54,688593.SH,B,20.220,190
260,59,2025-10-15,2025-10-15 14:46:53,301325.SZ,B,58.540,100
261,59,2025-10-15,2025-10-15 14:46:51,600337.SH,B,2.360,100
262,63,2025-10-15,2025-10-15 14:46:49,600028.SH,B,5.390,300
263,59,2025-10-15,2025-10-15 14:46:47,603308.SH,B,35.260,100
264,61,2025-10-15,2025-10-15 14:46:44,002515.SZ,S,7.180,100
265,61,2025-10-15,2025-10-15 14:46:44,688593.SH,B,20.220,10
266,63,2025-10-15,2025-10-15 14:46:44,002515.SZ,S,7.180,900
267,59,2025-10-15,2025-10-15 14:46:42,603881.SH,B,33.750,100
268,58,2025-10-15,2025-10-15 14:46:40,002158.SZ,S,26.270,200
269,59,2025-10-15,2025-10-15 14:46:32,600301.SH,B,31.420,100
270,61,2025-10-15,2025-10-15 14:46:31,603878.SH,S,12.370,100
271,59,2025-10-15,2025-10-15 14:46:30,300008.SZ,B,6.490,200
272,63,2025-10-15,2025-10-15 14:46:27,000807.SZ,B,20.820,300
273,61,2025-10-15,2025-10-15 14:46:26,300324.SZ,S,5.910,200
274,63,2025-10-15,2025-10-15 14:46:24,601618.SH,B,3.930,300
275,58,2025-10-15,2025-10-15 14:46:22,002430.SZ,B,26.710,300
276,58,2025-10-15,2025-10-15 14:46:21,300468.SZ,B,38.660,200
277,52,2025-10-15,2025-10-15 14:46:20,002691.SZ,S,8.180,100
278,63,2025-10-15,2025-10-15 14:46:20,002738.SZ,B,48.160,100
279,59,2025-10-15,2025-10-15 14:46:19,301015.SZ,B,27.230,100
280,58,2025-10-15,2025-10-15 14:46:18,002721.SZ,B,3.570,300
281,58,2025-10-15,2025-10-15 14:46:18,002691.SZ,S,8.180,500
282,61,2025-10-15,2025-10-15 14:46:18,000536.SZ,B,4.690,400
283,61,2025-10-15,2025-10-15 14:46:18,000536.SZ,B,4.690,200
284,63,2025-10-15,2025-10-15 14:46:18,600415.SH,B,19.650,1000
285,58,2025-10-15,2025-10-15 14:46:17,000612.SZ,B,9.450,300
286,58,2025-10-15,2025-10-15 14:46:17,688186.SH,S,25.590,273
287,61,2025-10-15,2025-10-15 14:46:16,688186.SH,S,25.590,257
288,63,2025-10-15,2025-10-15 14:46:16,300274.SZ,B,151.200,300
289,59,2025-10-15,2025-10-15 14:46:17,300061.SZ,B,11.140,100
290,59,2025-10-15,2025-10-15 14:46:16,300398.SZ,B,24.500,100
291,58,2025-10-15,2025-10-15 14:46:15,002662.SZ,B,3.860,300
292,63,2025-10-15,2025-10-15 14:46:15,002738.SZ,B,48.160,100
293,59,2025-10-15,2025-10-15 14:46:15,000965.SZ,B,4.310,100
294,59,2025-10-15,2025-10-15 14:46:15,300324.SZ,B,5.910,300
295,59,2025-10-15,2025-10-15 14:46:15,000536.SZ,B,4.690,100
296,58,2025-10-15,2025-10-15 14:43:53,601968.SH,S,5.500,2200
297,59,2025-10-15,2025-10-15 14:43:53,601968.SH,S,5.500,600
298,58,2025-10-15,2025-10-15 14:43:30,601975.SH,S,3.160,1200
299,58,2025-10-15,2025-10-15 14:43:12,601113.SH,S,4.410,800
300,58,2025-10-15,2025-10-15 14:43:09,601113.SH,S,4.410,700
301,63,2025-10-15,2025-10-15 14:43:07,002533.SZ,S,12.960,100
302,52,2025-10-15,2025-10-15 14:42:47,601018.SH,S,3.780,300
303,58,2025-10-15,2025-10-15 14:42:46,600022.SH,S,1.630,1200
304,61,2025-10-15,2025-10-15 14:42:46,002506.SZ,S,2.590,100
305,61,2025-10-15,2025-10-15 14:42:04,600601.SH,B,10.080,300
306,61,2025-10-15,2025-10-15 14:42:01,300872.SZ,B,22.680,100
307,61,2025-10-15,2025-10-15 14:41:58,601113.SH,S,4.410,800
308,61,2025-10-15,2025-10-15 14:41:57,601600.SH,B,8.830,600
309,61,2025-10-15,2025-10-15 14:41:55,601600.SH,B,8.830,500
310,61,2025-10-15,2025-10-15 14:41:51,601113.SH,S,4.410,700
311,61,2025-10-15,2025-10-15 14:41:49,601113.SH,S,4.410,700
312,61,2025-10-15,2025-10-15 14:41:49,601113.SH,S,4.410,800
313,63,2025-10-15,2025-10-15 14:39:36,600236.SH,S,7.120,500
314,61,2025-10-15,2025-10-15 14:39:05,300324.SZ,B,5.900,69
315,61,2025-10-15,2025-10-15 14:39:05,300324.SZ,B,5.900,931
316,61,2025-10-15,2025-10-15 14:38:09,300061.SZ,B,11.110,100
317,61,2025-10-15,2025-10-15 14:38:05,600601.SH,B,10.060,300
318,61,2025-10-15,2025-10-15 14:37:59,688165.SH,B,22.770,205
319,61,2025-10-15,2025-10-15 14:37:59,688165.SH,B,22.770,180
320,61,2025-10-15,2025-10-15 14:37:55,601968.SH,S,5.500,2300
321,59,2025-10-15,2025-10-15 14:37:45,601113.SH,S,4.400,1900
322,61,2025-10-15,2025-10-15 14:37:43,688277.SH,B,17.740,673
323,52,2025-10-15,2025-10-15 14:37:35,601113.SH,S,4.400,1600
324,61,2025-10-15,2025-10-15 14:37:31,601113.SH,S,4.400,3000
325,58,2025-10-15,2025-10-15 14:37:31,601113.SH,S,4.400,5000
326,58,2025-10-15,2025-10-15 14:37:03,603052.SH,S,29.850,100
327,59,2025-10-15,2025-10-15 14:36:54,002911.SZ,S,13.450,100
328,58,2025-10-15,2025-10-15 14:36:03,000923.SZ,S,18.160,100
329,63,2025-10-15,2025-10-15 14:35:31,600236.SH,S,7.140,100
330,63,2025-10-15,2025-10-15 14:35:24,600236.SH,S,7.140,500
331,63,2025-10-15,2025-10-15 14:35:12,600236.SH,S,7.140,200
332,63,2025-10-15,2025-10-15 14:35:11,600236.SH,S,7.140,100
333,63,2025-10-15,2025-10-15 14:35:07,600236.SH,S,7.140,200
334,61,2025-10-15,2025-10-15 14:35:04,601600.SH,B,8.830,600
335,61,2025-10-15,2025-10-15 14:34:56,000923.SZ,S,18.160,100
336,61,2025-10-15,2025-10-15 14:34:47,603052.SH,S,29.860,100
337,61,2025-10-15,2025-10-15 14:34:03,002246.SZ,S,20.690,100
338,58,2025-10-15,2025-10-15 14:33:24,603809.SH,S,14.490,100
339,58,2025-10-15,2025-10-15 14:33:24,300528.SZ,S,19.440,200
340,58,2025-10-15,2025-10-15 14:33:19,000090.SZ,S,3.740,100
341,61,2025-10-15,2025-10-15 14:33:17,603809.SH,S,14.490,100
342,58,2025-10-15,2025-10-15 14:32:50,002911.SZ,S,13.410,100
343,58,2025-10-15,2025-10-15 14:32:18,600239.SH,S,2.590,1200
344,58,2025-10-15,2025-10-15 14:32:18,601618.SH,S,3.930,1200
345,59,2025-10-15,2025-10-15 14:31:59,002334.SZ,S,9.930,100
346,52,2025-10-15,2025-10-15 14:31:44,300457.SZ,S,30.990,100
347,52,2025-10-15,2025-10-15 14:31:41,300457.SZ,S,30.980,200
348,61,2025-10-15,2025-10-15 14:31:40,300068.SZ,S,18.250,100
349,52,2025-10-15,2025-10-15 14:31:29,300043.SZ,S,6.640,800
350,63,2025-10-15,2025-10-15 14:31:22,002028.SZ,S,107.560,100
351,58,2025-10-15,2025-10-15 14:31:19,600665.SH,S,3.390,100
352,63,2025-10-15,2025-10-15 14:31:18,002515.SZ,S,7.180,100
353,63,2025-10-15,2025-10-15 14:31:18,002515.SZ,S,7.180,500
354,61,2025-10-15,2025-10-15 14:31:16,600665.SH,S,3.390,100
355,61,2025-10-15,2025-10-15 14:28:57,002748.SZ,B,10.440,100
356,58,2025-10-15,2025-10-15 14:28:53,000090.SZ,S,3.740,4900
357,52,2025-10-15,2025-10-15 14:28:47,000090.SZ,S,3.740,1500
358,58,2025-10-15,2025-10-15 14:28:43,300903.SZ,B,13.070,100
359,58,2025-10-15,2025-10-15 14:28:43,300903.SZ,B,13.070,300
360,58,2025-10-15,2025-10-15 14:28:43,300903.SZ,B,13.070,400
361,58,2025-10-15,2025-10-15 14:28:43,300903.SZ,B,13.070,400
362,58,2025-10-15,2025-10-15 14:28:43,300903.SZ,B,13.070,800
363,58,2025-10-15,2025-10-15 14:28:30,600157.SH,S,1.680,1500
364,52,2025-10-15,2025-10-15 14:28:30,600337.SH,S,2.350,100
365,61,2025-10-15,2025-10-15 14:28:30,002542.SZ,B,3.630,100
366,61,2025-10-15,2025-10-15 14:28:30,600022.SH,B,1.640,100
367,61,2025-10-15,2025-10-15 14:28:30,002662.SZ,S,3.850,100
368,61,2025-10-15,2025-10-15 14:28:25,301358.SZ,B,56.230,100
369,61,2025-10-15,2025-10-15 14:28:25,300521.SZ,B,27.100,100
370,61,2025-10-15,2025-10-15 14:28:23,688403.SH,B,16.850,445
371,58,2025-10-15,2025-10-15 14:28:20,603037.SH,S,14.070,200
372,61,2025-10-15,2025-10-15 14:28:18,601279.SH,S,4.550,900
373,61,2025-10-15,2025-10-15 14:28:18,000090.SZ,S,3.740,1000
374,61,2025-10-15,2025-10-15 14:28:17,300457.SZ,B,30.960,200
375,61,2025-10-15,2025-10-15 14:28:15,601279.SH,S,4.550,1100
376,61,2025-10-15,2025-10-15 14:28:15,601279.SH,S,4.550,200
377,61,2025-10-15,2025-10-15 14:28:15,000090.SZ,S,3.740,1600
378,61,2025-10-15,2025-10-15 14:28:15,300843.SZ,B,51.600,100
379,61,2025-10-15,2025-10-15 14:28:13,300071.SZ,B,4.260,100
380,58,2025-10-15,2025-10-15 14:28:11,300528.SZ,B,19.460,300
381,63,2025-10-15,2025-10-15 14:28:09,601012.SH,B,19.760,100
382,63,2025-10-15,2025-10-15 14:28:09,601012.SH,B,19.760,600
383,61,2025-10-15,2025-10-15 14:28:09,002426.SZ,B,3.290,100
384,63,2025-10-15,2025-10-15 14:28:07,000973.SZ,S,8.020,100
385,61,2025-10-15,2025-10-15 14:28:07,600620.SH,B,6.230,100
386,61,2025-10-15,2025-10-15 14:28:07,600186.SH,B,5.870,100
387,61,2025-10-15,2025-10-15 14:28:07,601121.SH,B,7.130,100
388,61,2025-10-15,2025-10-15 14:28:07,000973.SZ,B,8.030,100
389,58,2025-10-15,2025-10-15 14:28:06,601279.SH,S,4.550,2800
390,63,2025-10-15,2025-10-15 14:28:06,601988.SH,S,5.270,1100
391,61,2025-10-15,2025-10-15 14:28:06,002537.SZ,S,8.790,100
392,61,2025-10-15,2025-10-15 14:28:04,002225.SZ,B,6.020,100
393,61,2025-10-15,2025-10-15 14:28:04,300493.SZ,B,20.800,100
394,58,2025-10-15,2025-10-15 14:28:03,000923.SZ,S,18.150,300
395,61,2025-10-15,2025-10-15 14:28:03,300681.SZ,B,31.250,100
396,61,2025-10-15,2025-10-15 14:28:02,002953.SZ,B,13.710,100
397,61,2025-10-15,2025-10-15 14:28:01,300250.SZ,B,25.130,100
398,58,2025-10-15,2025-10-15 14:28:00,600577.SH,S,10.720,900
399,61,2025-10-15,2025-10-15 14:28:00,002059.SZ,B,5.590,100
400,61,2025-10-15,2025-10-15 14:28:00,002911.SZ,S,13.400,900
401,63,2025-10-15,2025-10-15 14:28:00,000681.SZ,S,25.010,300
402,58,2025-10-15,2025-10-15 14:27:57,300457.SZ,B,30.890,200
403,61,2025-10-15,2025-10-15 14:27:56,600239.SH,B,2.590,100
404,61,2025-10-15,2025-10-15 14:27:56,002982.SZ,B,14.780,100
405,61,2025-10-15,2025-10-15 14:27:56,688148.SH,S,6.170,330
406,58,2025-10-15,2025-10-15 14:27:49,600022.SH,B,1.640,200
407,58,2025-10-15,2025-10-15 14:27:49,600022.SH,B,1.640,1400
408,61,2025-10-15,2025-10-15 14:27:48,600337.SH,B,2.360,100
409,61,2025-10-15,2025-10-15 14:27:48,603601.SH,B,5.010,100
410,58,2025-10-15,2025-10-15 14:27:48,002911.SZ,S,13.410,600
411,58,2025-10-15,2025-10-15 14:27:43,600239.SH,B,2.590,1600
412,61,2025-10-15,2025-10-15 14:27:43,002752.SZ,B,5.660,100
413,61,2025-10-15,2025-10-15 14:27:43,002390.SZ,B,3.740,100
414,61,2025-10-15,2025-10-15 14:27:23,300185.SZ,B,3.150,100
415,61,2025-10-15,2025-10-15 14:27:12,603037.SH,S,14.070,300
416,61,2025-10-15,2025-10-15 14:27:12,603037.SH,S,14.070,100
417,61,2025-10-15,2025-10-15 14:27:12,000525.SZ,B,6.470,100
418,61,2025-10-15,2025-10-15 14:27:12,603037.SH,S,14.070,100
419,61,2025-10-15,2025-10-15 14:26:59,000509.SZ,B,3.180,100
420,59,2025-10-15,2025-10-15 14:26:50,000923.SZ,S,18.140,400
421,59,2025-10-15,2025-10-15 14:26:49,600577.SH,S,10.700,200
422,61,2025-10-15,2025-10-15 14:26:35,002125.SZ,B,14.860,100
423,61,2025-10-15,2025-10-15 14:26:34,600684.SH,S,5.740,100
424,61,2025-10-15,2025-10-15 14:26:02,002632.SZ,B,10.410,100
425,61,2025-10-15,2025-10-15 14:25:57,002745.SZ,B,9.110,100
426,61,2025-10-15,2025-10-15 14:25:18,300173.SZ,B,5.670,100
427,61,2025-10-15,2025-10-15 14:25:01,603328.SH,B,10.940,100
428,61,2025-10-15,2025-10-15 14:25:00,603810.SH,B,15.630,100
429,52,2025-10-15,2025-10-15 14:24:55,300457.SZ,B,30.760,300
430,61,2025-10-15,2025-10-15 14:24:53,603166.SH,B,17.970,100
431,61,2025-10-15,2025-10-15 14:24:52,603829.SH,B,20.190,100
432,61,2025-10-15,2025-10-15 14:24:51,002276.SZ,B,18.120,100
433,61,2025-10-15,2025-10-15 14:24:49,002858.SZ,B,15.080,100
434,61,2025-10-15,2025-10-15 14:24:49,300149.SZ,B,11.650,100
435,61,2025-10-15,2025-10-15 14:24:49,601777.SH,B,11.810,100
436,61,2025-10-15,2025-10-15 14:24:47,002392.SZ,B,10.180,100
437,58,2025-10-15,2025-10-15 14:24:46,300457.SZ,B,30.740,100
438,61,2025-10-15,2025-10-15 14:24:46,000923.SZ,S,18.140,100
439,61,2025-10-15,2025-10-15 14:24:46,000923.SZ,S,18.140,300
440,61,2025-10-15,2025-10-15 14:24:46,000923.SZ,S,18.140,200
441,61,2025-10-15,2025-10-15 14:24:46,000923.SZ,S,18.140,300
442,58,2025-10-15,2025-10-15 14:24:46,601975.SH,B,3.160,1600
443,63,2025-10-15,2025-10-15 14:24:37,300450.SZ,S,53.640,100
444,61,2025-10-15,2025-10-15 14:24:31,601968.SH,B,5.510,100
445,58,2025-10-15,2025-10-15 14:24:21,300457.SZ,B,30.740,100
446,58,2025-10-15,2025-10-15 14:24:20,002911.SZ,S,13.390,600
447,61,2025-10-15,2025-10-15 14:24:09,603617.SH,B,7.720,100
448,52,2025-10-15,2025-10-15 14:23:51,600577.SH,S,10.690,200
449,61,2025-10-15,2025-10-15 14:23:40,002303.SZ,B,4.520,100
450,58,2025-10-15,2025-10-15 14:22:50,300528.SZ,B,19.430,300
451,58,2025-10-15,2025-10-15 14:22:50,300528.SZ,B,19.430,300
452,58,2025-10-15,2025-10-15 14:22:46,300457.SZ,B,30.730,100
453,59,2025-10-15,2025-10-15 14:22:38,002911.SZ,S,13.410,600
454,61,2025-10-15,2025-10-15 14:22:28,002998.SZ,B,9.520,100
455,61,2025-10-15,2025-10-15 14:22:17,300043.SZ,B,6.620,600
456,58,2025-10-15,2025-10-15 14:22:10,603809.SH,S,14.520,100
457,52,2025-10-15,2025-10-15 14:19:18,603809.SH,S,14.520,100
458,61,2025-10-15,2025-10-15 14:22:10,000659.SZ,B,2.810,100
459,61,2025-10-15,2025-10-15 14:22:02,002501.SZ,B,2.500,100
460,58,2025-10-15,2025-10-15 14:21:56,000923.SZ,S,18.150,700
461,52,2025-10-15,2025-10-15 14:21:43,000923.SZ,S,18.150,200
462,61,2025-10-15,2025-10-15 14:21:52,601929.SH,B,3.740,100
463,52,2025-10-15,2025-10-15 14:21:28,603037.SH,S,14.110,300
464,58,2025-10-15,2025-10-15 14:21:34,300457.SZ,B,30.750,200
465,58,2025-10-15,2025-10-15 14:21:32,300457.SZ,B,30.750,100
466,58,2025-10-15,2025-10-15 14:21:31,603037.SH,S,14.110,100
467,58,2025-10-15,2025-10-15 14:21:31,603037.SH,S,14.110,100
468,58,2025-10-15,2025-10-15 14:21:31,603037.SH,S,14.110,400
469,61,2025-10-15,2025-10-15 14:21:28,300467.SZ,B,24.380,100
470,61,2025-10-15,2025-10-15 14:21:28,600706.SH,B,10.180,100
471,61,2025-10-15,2025-10-15 14:21:28,000090.SZ,S,3.740,2100
472,59,2025-10-15,2025-10-15 14:21:28,000090.SZ,S,3.740,1700
473,58,2025-10-15,2025-10-15 14:21:22,300457.SZ,B,30.750,100
474,61,2025-10-15,2025-10-15 14:21:08,002871.SZ,B,15.600,100
475,61,2025-10-15,2025-10-15 14:21:08,002677.SZ,B,7.270,100
476,61,2025-10-15,2025-10-15 14:21:08,002036.SZ,B,10.330,100
477,61,2025-10-15,2025-10-15 14:21:07,300068.SZ,B,18.220,100
478,58,2025-10-15,2025-10-15 14:20:50,300457.SZ,B,30.680,100
479,61,2025-10-15,2025-10-15 14:20:47,600667.SH,B,8.210,100
480,52,2025-10-15,2025-10-15 14:20:46,300457.SZ,B,30.690,200
481,61,2025-10-15,2025-10-15 14:20:39,300528.SZ,B,19.440,100
482,61,2025-10-15,2025-10-15 14:20:37,002715.SZ,B,23.170,100
483,61,2025-10-15,2025-10-15 14:20:37,002532.SZ,S,11.930,100
484,61,2025-10-15,2025-10-15 14:20:35,300547.SZ,B,39.080,100
485,63,2025-10-15,2025-10-15 14:20:33,601012.SH,B,19.640,1700
486,61,2025-10-15,2025-10-15 14:20:31,603928.SH,B,16.000,100
487,61,2025-10-15,2025-10-15 14:20:31,002911.SZ,S,13.420,100
488,61,2025-10-15,2025-10-15 14:20:31,603660.SH,B,8.110,100
489,61,2025-10-15,2025-10-15 14:20:31,002911.SZ,S,13.420,600
490,61,2025-10-15,2025-10-15 14:20:31,002911.SZ,S,13.420,200
491,61,2025-10-15,2025-10-15 14:20:27,600119.SH,S,8.410,100
492,52,2025-10-15,2025-10-15 14:17:35,300043.SZ,B,6.610,1200
493,61,2025-10-15,2025-10-15 14:20:26,000977.SZ,B,67.640,100
494,61,2025-10-15,2025-10-15 14:20:23,600686.SH,B,13.590,100
495,58,2025-10-15,2025-10-15 14:20:21,603037.SH,S,14.130,100
496,58,2025-10-15,2025-10-15 14:20:21,603037.SH,S,14.130,300
497,58,2025-10-15,2025-10-15 14:20:18,300528.SZ,B,19.430,700
498,59,2025-10-15,2025-10-15 14:20:18,603037.SH,S,14.130,100
499,59,2025-10-15,2025-10-15 14:20:18,603037.SH,S,14.130,100
500,59,2025-10-15,2025-10-15 14:20:18,603037.SH,S,14.130,200
501,61,2025-10-15,2025-10-15 14:20:17,603037.SH,S,14.130,300
502,61,2025-10-15,2025-10-15 14:20:16,605555.SH,B,16.510,100
503,61,2025-10-15,2025-10-15 14:20:15,603037.SH,S,14.130,200
504,61,2025-10-15,2025-10-15 14:20:15,603037.SH,S,14.130,100
505,52,2025-10-15,2025-10-15 14:20:15,300457.SZ,B,30.660,100
506,61,2025-10-15,2025-10-15 14:20:14,603997.SH,B,13.430,100
507,61,2025-10-15,2025-10-15 14:20:12,601279.SH,S,4.550,1700
508,59,2025-10-15,2025-10-15 14:20:12,601279.SH,S,4.550,1400
509,52,2025-10-15,2025-10-15 14:20:11,300903.SZ,B,13.010,600
510,58,2025-10-15,2025-10-15 14:20:11,601618.SH,B,3.910,600
511,58,2025-10-15,2025-10-15 14:20:11,601618.SH,B,3.910,1000
512,58,2025-10-15,2025-10-15 14:20:11,300903.SZ,B,13.010,1200
513,61,2025-10-15,2025-10-15 14:20:11,601618.SH,B,3.910,100
514,61,2025-10-15,2025-10-15 14:20:08,603610.SH,B,18.310,100
515,61,2025-10-15,2025-10-15 14:20:08,300182.SZ,S,6.140,100
516,61,2025-10-15,2025-10-15 14:20:06,600169.SH,S,2.700,100
517,61,2025-10-15,2025-10-15 14:20:03,300296.SZ,S,6.910,100
518,58,2025-10-15,2025-10-15 14:20:03,002911.SZ,S,13.410,700
519,61,2025-10-15,2025-10-15 14:20:02,601616.SH,B,4.350,100
520,52,2025-10-15,2025-10-15 14:19:55,002911.SZ,S,13.410,500
521,61,2025-10-15,2025-10-15 14:20:02,600933.SH,B,20.370,100
522,61,2025-10-15,2025-10-15 14:20:01,603013.SH,B,23.890,100
523,61,2025-10-15,2025-10-15 14:20:01,600159.SH,S,2.950,100
524,59,2025-10-15,2025-10-15 14:20:01,600159.SH,S,2.950,100
525,61,2025-10-15,2025-10-15 14:19:55,002617.SZ,S,8.780,100
526,61,2025-10-15,2025-10-15 14:19:52,603508.SH,S,32.960,100
527,63,2025-10-15,2025-10-15 14:19:52,300364.SZ,S,25.320,100
528,61,2025-10-15,2025-10-15 14:19:51,002055.SZ,B,7.260,100
529,61,2025-10-15,2025-10-15 14:19:50,002196.SZ,B,9.490,100
530,61,2025-10-15,2025-10-15 14:19:49,600516.SH,B,5.370,100
531,61,2025-10-15,2025-10-15 14:19:50,601992.SH,B,1.820,100
532,61,2025-10-15,2025-10-15 14:19:49,002146.SZ,B,1.620,100
533,61,2025-10-15,2025-10-15 14:19:42,301256.SZ,B,11.050,100
534,61,2025-10-15,2025-10-15 14:19:41,002989.SZ,S,28.500,100
535,61,2025-10-15,2025-10-15 14:19:28,300129.SZ,B,8.400,100
536,61,2025-10-15,2025-10-15 14:19:27,605028.SH,B,27.570,100
537,61,2025-10-15,2025-10-15 14:19:27,002246.SZ,B,20.670,100
538,63,2025-10-15,2025-10-15 14:19:27,000002.SZ,S,6.480,1200
539,61,2025-10-15,2025-10-15 14:19:25,002396.SZ,B,28.710,100
540,58,2025-10-15,2025-10-15 14:19:24,002068.SZ,S,10.080,600
541,52,2025-10-15,2025-10-15 14:19:24,002068.SZ,S,10.080,100
542,61,2025-10-15,2025-10-15 14:19:23,301617.SZ,S,71.400,100
543,61,2025-10-15,2025-10-15 14:19:22,603809.SH,S,14.510,100
544,59,2025-10-15,2025-10-15 14:19:22,603809.SH,S,14.510,100
545,61,2025-10-15,2025-10-15 14:19:11,000892.SZ,B,5.870,100
546,61,2025-10-15,2025-10-15 14:19:10,002164.SZ,S,14.150,100
547,61,2025-10-15,2025-10-15 14:19:10,600638.SH,B,6.090,100
548,61,2025-10-15,2025-10-15 14:19:08,600724.SH,B,5.330,100
549,63,2025-10-15,2025-10-15 14:19:04,601012.SH,B,19.650,300
550,61,2025-10-15,2025-10-15 14:18:53,300324.SZ,B,5.870,100
551,52,2025-10-15,2025-10-15 14:18:41,601898.SH,S,12.380,100
552,58,2025-10-15,2025-10-15 14:18:05,601279.SH,S,4.570,1500
553,52,2025-10-15,2025-10-15 14:16:21,601279.SH,S,4.570,1200
554,58,2025-10-15,2025-10-15 14:17:50,300043.SZ,S,6.620,500
555,61,2025-10-15,2025-10-15 14:17:37,600284.SH,B,8.930,100
556,59,2025-10-15,2025-10-15 14:17:21,000681.SZ,S,25.040,100
557,63,2025-10-15,2025-10-15 14:17:11,300450.SZ,S,53.300,200
558,63,2025-10-15,2025-10-15 14:17:07,300433.SZ,S,29.480,100
559,61,2025-10-15,2025-10-15 14:17:04,000681.SZ,S,25.040,200
560,63,2025-10-15,2025-10-15 14:17:04,000681.SZ,S,25.040,200
561,63,2025-10-15,2025-10-15 14:17:05,603077.SH,S,2.270,300
562,58,2025-10-15,2025-10-15 14:17:00,000681.SZ,S,25.050,200
563,52,2025-10-15,2025-10-15 14:16:54,000681.SZ,S,25.050,100
564,61,2025-10-15,2025-10-15 14:16:57,000826.SZ,B,2.270,100
565,61,2025-10-15,2025-10-15 14:16:56,002356.SZ,B,3.440,100
566,59,2025-10-15,2025-10-15 14:16:55,002068.SZ,S,10.050,100
567,59,2025-10-15,2025-10-15 14:16:55,002068.SZ,S,10.050,100
568,61,2025-10-15,2025-10-15 14:16:54,002068.SZ,S,10.050,500
569,61,2025-10-15,2025-10-15 14:16:49,002121.SZ,B,9.640,100
570,58,2025-10-15,2025-10-15 14:16:21,301082.SZ,S,20.860,100
571,61,2025-10-15,2025-10-15 14:16:18,002657.SZ,B,31.640,100
572,61,2025-10-15,2025-10-15 14:16:18,301082.SZ,S,20.850,100
573,59,2025-10-15,2025-10-15 14:16:16,000060.SZ,S,5.940,100
574,58,2025-10-15,2025-10-15 14:13:30,600157.SH,B,1.690,2000
575,61,2025-10-15,2025-10-15 14:13:27,300457.SZ,B,30.730,200
576,61,2025-10-15,2025-10-15 14:13:20,300457.SZ,B,30.710,300
577,61,2025-10-15,2025-10-15 14:13:19,300457.SZ,B,30.710,100
578,58,2025-10-15,2025-10-15 14:13:17,002378.SZ,B,12.430,200
579,58,2025-10-15,2025-10-15 14:13:17,002378.SZ,B,12.430,400
580,58,2025-10-15,2025-10-15 14:13:17,002378.SZ,B,12.430,200
581,58,2025-10-15,2025-10-15 14:13:17,002378.SZ,B,12.430,100
582,58,2025-10-15,2025-10-15 14:13:17,002378.SZ,B,12.430,200
583,63,2025-10-15,2025-10-15 14:13:17,301092.SZ,S,31.350,100
584,58,2025-10-15,2025-10-15 14:13:14,601113.SH,S,4.390,2600
585,61,2025-10-15,2025-10-15 14:13:15,300456.SZ,B,23.440,600
586,63,2025-10-15,2025-10-15 14:13:13,000090.SZ,S,3.740,1100
587,58,2025-10-15,2025-10-15 14:13:11,601113.SH,S,4.390,2700
588,52,2025-10-15,2025-10-15 14:13:12,601113.SH,S,4.390,1100
589,58,2025-10-15,2025-10-15 14:13:10,600577.SH,B,10.690,200
590,58,2025-10-15,2025-10-15 14:13:10,600577.SH,B,10.690,900
591,58,2025-10-15,2025-10-15 14:13:10,600577.SH,B,10.690,100
592,63,2025-10-15,2025-10-15 14:13:11,301092.SZ,S,31.350,200
593,63,2025-10-15,2025-10-15 14:13:10,603659.SH,B,26.690,100
594,63,2025-10-15,2025-10-15 14:13:10,603659.SH,B,26.690,200
595,63,2025-10-15,2025-10-15 14:13:10,603659.SH,B,26.690,300
596,58,2025-10-15,2025-10-15 14:13:07,600119.SH,S,8.410,300
597,58,2025-10-15,2025-10-15 14:13:07,601113.SH,S,4.390,2700
598,61,2025-10-15,2025-10-15 14:13:07,300005.SZ,S,8.610,100
599,61,2025-10-15,2025-10-15 14:13:07,300456.SZ,B,23.440,300
600,63,2025-10-15,2025-10-15 14:13:07,000090.SZ,S,3.740,1100
601,61,2025-10-15,2025-10-15 14:13:07,300456.SZ,B,23.440,100
602,52,2025-10-15,2025-10-15 14:13:07,601113.SH,S,4.390,1100
603,52,2025-10-15,2025-10-15 14:13:07,600119.SH,S,8.410,100
604,58,2025-10-15,2025-10-15 14:13:01,300456.SZ,B,23.430,100
605,58,2025-10-15,2025-10-15 14:13:01,300456.SZ,B,23.430,200
606,59,2025-10-15,2025-10-15 14:13:01,002858.SZ,S,15.070,400
607,61,2025-10-15,2025-10-15 14:13:00,600601.SH,B,10.070,400
608,61,2025-10-15,2025-10-15 14:13:00,002858.SZ,S,15.070,1300
609,61,2025-10-15,2025-10-15 14:13:00,601113.SH,S,4.390,4100
610,59,2025-10-15,2025-10-15 14:12:56,601113.SH,S,4.390,2800
611,61,2025-10-15,2025-10-15 14:12:54,002900.SZ,B,13.770,200
612,61,2025-10-15,2025-10-15 14:12:46,600157.SH,B,1.690,200
613,61,2025-10-15,2025-10-15 14:12:46,000709.SZ,S,2.640,100
614,63,2025-10-15,2025-10-15 14:12:45,002256.SZ,S,3.170,1900
615,63,2025-10-15,2025-10-15 14:12:30,601929.SH,S,3.740,1800
616,52,2025-10-15,2025-10-15 14:01:19,002146.SZ,S,1.620,300
617,52,2025-10-15,2025-10-15 14:12:23,002316.SZ,S,5.310,100
618,59,2025-10-15,2025-10-15 14:12:19,600159.SH,S,2.960,100
619,61,2025-10-15,2025-10-15 14:12:19,600159.SH,S,2.960,1600
620,58,2025-10-15,2025-10-15 14:12:16,603045.SH,S,19.910,200
621,52,2025-10-15,2025-10-15 14:12:13,603045.SH,S,19.910,100
622,59,2025-10-15,2025-10-15 14:12:12,600159.SH,S,2.960,100
623,59,2025-10-15,2025-10-15 14:12:10,600159.SH,S,2.960,100
624,59,2025-10-15,2025-10-15 14:12:08,600159.SH,S,2.960,300
625,59,2025-10-15,2025-10-15 14:11:56,002858.SZ,S,15.090,400
626,61,2025-10-15,2025-10-15 14:11:56,002858.SZ,S,15.090,300
627,52,2025-10-15,2025-10-15 14:11:38,600658.SH,S,5.510,100
628,52,2025-10-15,2025-10-15 14:10:16,603020.SH,S,10.390,500
629,61,2025-10-15,2025-10-15 14:11:18,600416.SH,B,15.510,400
630,61,2025-10-15,2025-10-15 14:11:17,301150.SZ,B,39.800,100
631,61,2025-10-15,2025-10-15 14:11:17,301150.SZ,B,39.800,100
632,61,2025-10-15,2025-10-15 14:11:12,002048.SZ,B,33.620,200
633,61,2025-10-15,2025-10-15 14:11:11,601113.SH,S,4.400,3600
634,63,2025-10-15,2025-10-15 14:11:10,603659.SH,B,26.730,300
635,58,2025-10-15,2025-10-15 14:11:09,002537.SZ,S,8.780,400
636,61,2025-10-15,2025-10-15 14:11:04,002542.SZ,S,3.630,100
637,52,2025-10-15,2025-10-15 14:10:33,600019.SH,S,7.260,100
638,58,2025-10-15,2025-10-15 14:10:45,300456.SZ,B,23.440,200
639,63,2025-10-15,2025-10-15 14:10:42,300450.SZ,B,53.440,100
640,63,2025-10-15,2025-10-15 14:10:41,000002.SZ,S,6.480,1000
641,52,2025-10-15,2025-10-15 14:10:30,300456.SZ,B,23.430,400
642,52,2025-10-15,2025-10-15 14:10:29,600577.SH,B,10.690,500
643,61,2025-10-15,2025-10-15 14:10:28,600577.SH,B,10.690,400
644,61,2025-10-15,2025-10-15 14:10:17,002378.SZ,S,12.410,200
645,58,2025-10-15,2025-10-15 14:09:56,000090.SZ,S,3.740,100
646,61,2025-10-15,2025-10-15 14:09:55,002858.SZ,S,15.050,300
647,52,2025-10-15,2025-10-15 14:09:31,601818.SH,S,3.420,100
648,63,2025-10-15,2025-10-15 14:09:26,301092.SZ,S,31.350,100
649,63,2025-10-15,2025-10-15 14:09:01,301092.SZ,S,31.350,100
650,63,2025-10-15,2025-10-15 14:08:57,301092.SZ,S,31.350,100
651,63,2025-10-15,2025-10-15 14:08:41,601985.SH,S,9.080,200
652,63,2025-10-15,2025-10-15 14:08:37,000700.SZ,S,9.810,100
653,58,2025-10-15,2025-10-15 14:08:35,000931.SZ,S,5.280,100
654,58,2025-10-15,2025-10-15 14:08:35,000931.SZ,S,5.280,200
655,59,2025-10-15,2025-10-15 14:08:27,000931.SZ,S,5.280,100
656,61,2025-10-15,2025-10-15 14:08:27,000931.SZ,S,5.280,200
657,61,2025-10-15,2025-10-15 14:08:27,002506.SZ,S,2.590,100
658,52,2025-10-15,2025-10-15 14:02:28,000931.SZ,S,5.280,100
659,61,2025-10-15,2025-10-15 14:08:17,600675.SH,S,2.950,100
660,52,2025-10-15,2025-10-15 14:08:17,300456.SZ,B,23.420,200
661,59,2025-10-15,2025-10-15 14:08:10,600497.SH,S,6.890,100
662,63,2025-10-15,2025-10-15 14:08:09,600721.SH,S,9.100,100
663,63,2025-10-15,2025-10-15 14:08:09,600721.SH,S,9.100,600
664,61,2025-10-15,2025-10-15 14:08:08,002858.SZ,S,15.070,100
665,61,2025-10-15,2025-10-15 14:08:05,002858.SZ,S,15.070,100
666,63,2025-10-15,2025-10-15 14:08:00,002196.SZ,S,9.490,500
667,63,2025-10-15,2025-10-15 14:08:00,002196.SZ,S,9.490,200
668,61,2025-10-15,2025-10-15 14:07:57,002249.SZ,B,11.030,100
669,61,2025-10-15,2025-10-15 14:07:57,002249.SZ,B,11.030,100
670,58,2025-10-15,2025-10-15 14:07:53,300456.SZ,B,23.400,400
671,61,2025-10-15,2025-10-15 14:07:49,603505.SH,S,18.610,100
672,61,2025-10-15,2025-10-15 14:07:43,600977.SH,B,13.620,200
673,61,2025-10-15,2025-10-15 14:07:33,300182.SZ,B,6.140,200
674,63,2025-10-15,2025-10-15 14:07:29,300433.SZ,B,29.370,300
675,58,2025-10-15,2025-10-15 14:07:28,002378.SZ,B,12.390,600
676,59,2025-10-15,2025-10-15 14:07:24,300456.SZ,B,23.370,500
677,52,2025-10-15,2025-10-15 14:07:10,300456.SZ,B,23.380,200
678,58,2025-10-15,2025-10-15 14:07:24,300456.SZ,B,23.380,400
679,63,2025-10-15,2025-10-15 14:07:18,300450.SZ,B,53.300,200
680,63,2025-10-15,2025-10-15 14:07:16,603659.SH,B,26.660,400
681,61,2025-10-15,2025-10-15 14:07:11,600169.SH,B,2.700,200
682,58,2025-10-15,2025-10-15 14:07:09,300456.SZ,B,23.380,500
683,58,2025-10-15,2025-10-15 14:07:07,600577.SH,B,10.690,500
684,59,2025-10-15,2025-10-15 14:07:01,603045.SH,S,19.900,100
685,52,2025-10-15,2025-10-15 14:06:57,600577.SH,B,10.690,300
686,59,2025-10-15,2025-10-15 14:06:57,600577.SH,B,10.680,500
687,63,2025-10-15,2025-10-15 14:06:56,603659.SH,B,26.650,300
688,58,2025-10-15,2025-10-15 14:06:46,600577.SH,B,10.690,300
689,61,2025-10-15,2025-10-15 14:06:32,688148.SH,B,6.140,561
690,61,2025-10-15,2025-10-15 14:06:28,002164.SZ,B,14.120,200
691,59,2025-10-15,2025-10-15 14:06:25,600119.SH,S,8.410,100
692,61,2025-10-15,2025-10-15 14:06:24,600119.SH,S,8.410,200
693,52,2025-10-15,2025-10-15 14:05:50,605155.SH,S,16.170,100
694,61,2025-10-15,2025-10-15 14:05:58,300043.SZ,B,6.590,800
695,61,2025-10-15,2025-10-15 14:05:56,000923.SZ,S,18.160,200
696,58,2025-10-15,2025-10-15 14:05:55,000923.SZ,S,18.160,100
697,52,2025-10-15,2025-10-15 14:05:55,000923.SZ,S,18.160,100
698,58,2025-10-15,2025-10-15 14:05:50,605155.SH,S,16.170,100
699,61,2025-10-15,2025-10-15 14:05:49,603045.SH,S,19.900,300
700,63,2025-10-15,2025-10-15 14:05:49,002703.SZ,S,13.370,100
701,59,2025-10-15,2025-10-15 14:05:47,300761.SZ,S,22.900,100
702,61,2025-10-15,2025-10-15 14:05:47,300456.SZ,B,23.360,100
703,61,2025-10-15,2025-10-15 14:05:47,300456.SZ,B,23.360,100
704,61,2025-10-15,2025-10-15 14:05:47,300456.SZ,B,23.360,200
705,61,2025-10-15,2025-10-15 14:05:47,300456.SZ,B,23.360,100
706,61,2025-10-15,2025-10-15 14:05:47,300456.SZ,B,23.360,100
707,61,2025-10-15,2025-10-15 14:05:47,300456.SZ,B,23.360,100
708,61,2025-10-15,2025-10-15 14:05:47,300456.SZ,B,23.360,200
709,59,2025-10-15,2025-10-15 14:05:35,300043.SZ,B,6.590,500
710,63,2025-10-15,2025-10-15 14:05:17,000973.SZ,S,8.020,100
711,63,2025-10-15,2025-10-15 14:05:14,603659.SH,B,26.650,300
712,61,2025-10-15,2025-10-15 14:05:08,002987.SZ,B,21.060,200
713,58,2025-10-15,2025-10-15 14:04:47,002378.SZ,B,12.380,300
714,61,2025-10-15,2025-10-15 14:04:49,605028.SH,S,27.610,100
715,59,2025-10-15,2025-10-15 14:04:49,600665.SH,S,3.380,100
716,61,2025-10-15,2025-10-15 14:04:49,600665.SH,S,3.380,100
717,58,2025-10-15,2025-10-15 14:04:49,600665.SH,S,3.380,100
718,63,2025-10-15,2025-10-15 14:04:47,002471.SZ,S,5.280,1200
719,59,2025-10-15,2025-10-15 14:04:37,300456.SZ,B,23.370,500
720,61,2025-10-15,2025-10-15 14:04:36,600684.SH,B,5.710,200
721,63,2025-10-15,2025-10-15 14:04:36,603659.SH,B,26.600,200
722,63,2025-10-15,2025-10-15 14:04:27,300414.SZ,S,12.150,200
723,58,2025-10-15,2025-10-15 14:04:25,002068.SZ,S,10.010,100
724,61,2025-10-15,2025-10-15 14:04:25,002953.SZ,S,13.720,100
725,52,2025-10-15,2025-10-15 14:04:25,002068.SZ,S,10.010,100
726,61,2025-10-15,2025-10-15 14:04:24,300528.SZ,B,19.420,200
727,58,2025-10-15,2025-10-15 14:04:13,002858.SZ,S,15.080,100
728,59,2025-10-15,2025-10-15 14:04:13,600795.SH,S,5.120,100
729,58,2025-10-15,2025-10-15 14:04:13,002858.SZ,S,15.080,1200
730,58,2025-10-15,2025-10-15 14:04:13,002858.SZ,S,15.080,100
731,58,2025-10-15,2025-10-15 14:04:13,002858.SZ,S,15.080,100
732,58,2025-10-15,2025-10-15 14:04:13,002858.SZ,S,15.080,100
733,58,2025-10-15,2025-10-15 14:04:13,002858.SZ,S,15.080,500
734,52,2025-10-15,2025-10-15 14:04:13,002858.SZ,S,15.080,600
735,61,2025-10-15,2025-10-15 14:04:05,603256.SH,B,32.700,200
736,63,2025-10-15,2025-10-15 14:03:53,002050.SZ,S,44.020,100
737,63,2025-10-15,2025-10-15 14:03:53,002050.SZ,S,44.020,100
738,58,2025-10-15,2025-10-15 14:03:52,000811.SZ,S,14.280,200
739,52,2025-10-15,2025-10-15 14:03:52,000811.SZ,S,14.280,100
740,61,2025-10-15,2025-10-15 14:03:47,000811.SZ,S,14.280,200
741,61,2025-10-15,2025-10-15 14:03:42,002989.SZ,B,28.520,100
742,61,2025-10-15,2025-10-15 14:03:42,002989.SZ,B,28.520,100
743,61,2025-10-15,2025-10-15 14:03:40,605155.SH,S,16.190,100
744,52,2025-10-15,2025-10-15 14:03:39,601600.SH,B,8.770,800
745,58,2025-10-15,2025-10-15 14:03:17,300043.SZ,B,6.590,2000
746,63,2025-10-15,2025-10-15 14:02:56,000681.SZ,S,25.040,200
747,63,2025-10-15,2025-10-15 14:02:56,000681.SZ,S,25.050,100
748,61,2025-10-15,2025-10-15 14:02:47,300296.SZ,B,6.900,200
749,61,2025-10-15,2025-10-15 14:02:36,300897.SZ,S,30.790,100
750,63,2025-10-15,2025-10-15 14:02:33,300450.SZ,B,53.150,300
751,61,2025-10-15,2025-10-15 14:02:32,300969.SZ,S,109.660,100
752,61,2025-10-15,2025-10-15 14:02:31,002662.SZ,B,3.840,200
753,61,2025-10-15,2025-10-15 14:02:25,603997.SH,S,13.490,100
754,59,2025-10-15,2025-10-15 14:02:22,002237.SZ,S,15.270,100
755,61,2025-10-15,2025-10-15 14:02:22,002237.SZ,S,15.270,100
756,61,2025-10-15,2025-10-15 14:02:20,688382.SH,S,26.590,81
757,61,2025-10-15,2025-10-15 14:02:20,688382.SH,S,26.590,142
758,59,2025-10-15,2025-10-15 14:02:17,300897.SZ,S,30.790,100
759,61,2025-10-15,2025-10-15 14:02:17,002654.SZ,S,14.240,500
760,61,2025-10-15,2025-10-15 14:02:16,002617.SZ,B,8.790,200
761,58,2025-10-15,2025-10-15 14:02:15,300897.SZ,S,30.790,100
762,59,2025-10-15,2025-10-15 14:02:14,002068.SZ,S,10.010,100
763,61,2025-10-15,2025-10-15 14:02:14,002068.SZ,S,10.010,100
764,52,2025-10-15,2025-10-15 14:02:13,002196.SZ,S,9.480,100
765,61,2025-10-15,2025-10-15 14:02:12,600644.SH,S,11.940,700
766,59,2025-10-15,2025-10-15 14:01:56,002987.SZ,B,21.040,500
767,52,2025-10-15,2025-10-15 14:01:19,601600.SH,B,8.760,800
768,63,2025-10-15,2025-10-15 14:01:35,601992.SH,S,1.820,1100
769,63,2025-10-15,2025-10-15 14:01:35,601992.SH,S,1.820,4700
770,63,2025-10-15,2025-10-15 14:01:35,601992.SH,S,1.820,4700
771,63,2025-10-15,2025-10-15 14:01:35,601992.SH,S,1.820,1000
772,61,2025-10-15,2025-10-15 14:01:35,600724.SH,S,5.350,100
773,59,2025-10-15,2025-10-15 14:01:31,002537.SZ,S,8.750,100
774,61,2025-10-15,2025-10-15 14:01:31,002537.SZ,S,8.750,200
775,52,2025-10-15,2025-10-15 14:01:19,600644.SH,S,11.940,100
776,58,2025-10-15,2025-10-15 14:01:19,600644.SH,S,11.950,200
777,58,2025-10-15,2025-10-15 14:01:18,600644.SH,S,11.950,300
778,58,2025-10-15,2025-10-15 14:01:18,600644.SH,S,11.950,200
779,61,2025-10-15,2025-10-15 14:01:17,000600.SZ,S,8.840,100
780,59,2025-10-15,2025-10-15 14:01:15,600644.SH,S,11.950,100
781,59,2025-10-15,2025-10-15 14:01:15,600644.SH,S,11.950,100
782,63,2025-10-15,2025-10-15 14:01:15,300433.SZ,B,29.320,300
783,52,2025-10-15,2025-10-15 13:58:30,600337.SH,S,2.340,200
784,52,2025-10-15,2025-10-15 13:58:30,002146.SZ,B,1.620,100
785,58,2025-10-15,2025-10-15 13:58:24,603020.SH,S,10.360,1600
786,59,2025-10-15,2025-10-15 13:58:19,600159.SH,S,2.960,100
787,61,2025-10-15,2025-10-15 13:58:19,601615.SH,B,16.500,300
788,61,2025-10-15,2025-10-15 13:58:19,600159.SH,S,2.960,500
789,52,2025-10-15,2025-10-15 13:58:18,603020.SH,S,10.360,100
790,52,2025-10-15,2025-10-15 13:58:18,603020.SH,S,10.360,800
791,61,2025-10-15,2025-10-15 13:58:15,000090.SZ,S,3.730,300
792,61,2025-10-15,2025-10-15 13:58:15,000090.SZ,S,3.730,900
793,52,2025-10-15,2025-10-15 13:58:07,603601.SH,B,4.990,100
794,52,2025-10-15,2025-10-15 13:58:07,300185.SZ,B,3.140,100
795,63,2025-10-15,2025-10-15 13:58:05,601600.SH,B,8.790,2600
796,63,2025-10-15,2025-10-15 13:58:05,601600.SH,B,8.790,400
797,61,2025-10-15,2025-10-15 13:57:59,300005.SZ,B,8.610,100
798,59,2025-10-15,2025-10-15 13:57:58,002537.SZ,B,8.750,300
799,61,2025-10-15,2025-10-15 13:57:58,002537.SZ,B,8.750,400
800,61,2025-10-15,2025-10-15 13:57:58,002537.SZ,B,8.750,500
801,52,2025-10-15,2025-10-15 13:57:58,601618.SH,B,3.900,200
802,58,2025-10-15,2025-10-15 13:57:56,002537.SZ,B,8.750,1400
803,52,2025-10-15,2025-10-15 13:57:57,601615.SH,B,16.500,300
804,52,2025-10-15,2025-10-15 13:57:49,600533.SH,S,2.710,100
805,63,2025-10-15,2025-10-15 13:57:48,002146.SZ,S,1.610,9100
806,63,2025-10-15,2025-10-15 13:57:48,002146.SZ,S,1.610,6200
807,61,2025-10-15,2025-10-15 13:57:47,601600.SH,B,8.780,400
808,61,2025-10-15,2025-10-15 13:57:45,002146.SZ,B,1.620,100
809,52,2025-10-15,2025-10-15 13:57:44,002390.SZ,B,3.730,100
810,52,2025-10-15,2025-10-15 13:57:43,002239.SZ,B,3.200,100
811,61,2025-10-15,2025-10-15 13:57:41,002237.SZ,B,15.240,300
812,61,2025-10-15,2025-10-15 13:57:41,002674.SZ,S,14.620,100
813,61,2025-10-15,2025-10-15 13:57:40,002674.SZ,S,14.620,100
814,61,2025-10-15,2025-10-15 13:57:40,002674.SZ,S,14.620,100
815,61,2025-10-15,2025-10-15 13:57:40,002674.SZ,S,14.620,300
816,61,2025-10-15,2025-10-15 13:57:34,002506.SZ,B,2.590,400
817,58,2025-10-15,2025-10-15 13:57:24,603045.SH,S,19.860,100
818,52,2025-10-15,2025-10-15 13:57:22,002537.SZ,B,8.750,100
819,58,2025-10-15,2025-10-15 13:57:16,002987.SZ,B,21.050,500
820,61,2025-10-15,2025-10-15 13:57:16,001330.SZ,B,5.410,100
821,61,2025-10-15,2025-10-15 13:57:15,600239.SH,B,2.580,100
822,58,2025-10-15,2025-10-15 13:57:14,002237.SZ,B,15.240,1000
823,58,2025-10-15,2025-10-15 13:57:12,603020.SH,S,10.370,2300
824,59,2025-10-15,2025-10-15 13:57:11,601600.SH,B,8.760,100
825,59,2025-10-15,2025-10-15 13:57:11,601600.SH,B,8.760,1000
826,63,2025-10-15,2025-10-15 13:56:45,600022.SH,S,1.630,11700
827,63,2025-10-15,2025-10-15 13:56:45,600022.SH,S,1.630,1500
828,63,2025-10-15,2025-10-15 13:56:45,600022.SH,S,1.630,2300
829,52,2025-10-15,2025-10-15 13:56:35,002237.SZ,B,15.240,100
830,52,2025-10-15,2025-10-15 13:46:19,601789.SH,S,5.490,100
831,59,2025-10-15,2025-10-15 13:56:04,600236.SH,S,7.070,100
832,63,2025-10-15,2025-10-15 13:55:58,601615.SH,B,16.450,300
833,58,2025-10-15,2025-10-15 13:55:44,600577.SH,B,10.650,300
834,61,2025-10-15,2025-10-15 13:55:46,002183.SZ,B,5.130,100
835,58,2025-10-15,2025-10-15 13:55:44,600577.SH,B,10.650,300
836,58,2025-10-15,2025-10-15 13:55:41,600577.SH,B,10.650,300
837,58,2025-10-15,2025-10-15 13:55:31,600577.SH,B,10.650,300
838,61,2025-10-15,2025-10-15 13:55:22,000757.SZ,B,5.530,100
839,63,2025-10-15,2025-10-15 13:55:20,300433.SZ,B,29.500,300
840,61,2025-10-15,2025-10-15 13:55:18,601600.SH,B,8.760,100
841,61,2025-10-15,2025-10-15 13:55:18,601600.SH,B,8.760,300
842,63,2025-10-15,2025-10-15 13:55:17,601600.SH,B,8.750,6300
843,61,2025-10-15,2025-10-15 13:55:08,601208.SH,B,18.500,100
844,63,2025-10-15,2025-10-15 13:55:07,600170.SH,S,2.960,2046
845,63,2025-10-15,2025-10-15 13:55:07,600170.SH,S,2.960,1454
846,59,2025-10-15,2025-10-15 13:55:03,600577.SH,B,10.650,300
847,61,2025-10-15,2025-10-15 13:55:03,600577.SH,B,10.650,1300
848,61,2025-10-15,2025-10-15 13:54:58,002491.SZ,B,5.160,100
849,58,2025-10-15,2025-10-15 13:54:56,002674.SZ,S,14.630,200
850,58,2025-10-15,2025-10-15 13:54:56,002674.SZ,S,14.630,400
851,61,2025-10-15,2025-10-15 13:54:54,601618.SH,B,3.890,100
852,61,2025-10-15,2025-10-15 13:54:52,600236.SH,S,7.060,100
853,58,2025-10-15,2025-10-15 13:54:45,002537.SZ,B,8.740,600
854,61,2025-10-15,2025-10-15 13:54:25,002334.SZ,B,9.860,100
855,61,2025-10-15,2025-10-15 13:54:23,001258.SZ,B,7.450,100
856,59,2025-10-15,2025-10-15 13:54:17,601600.SH,B,8.760,600
857,61,2025-10-15,2025-10-15 13:54:15,002378.SZ,B,12.350,600
858,63,2025-10-15,2025-10-15 13:54:06,601600.SH,B,8.760,600
859,61,2025-10-15,2025-10-15 13:54:05,601600.SH,B,8.760,400
860,63,2025-10-15,2025-10-15 13:54:05,601600.SH,B,8.760,400
861,63,2025-10-15,2025-10-15 13:54:00,601600.SH,B,8.760,300
862,63,2025-10-15,2025-10-15 13:54:00,601600.SH,B,8.760,100
863,63,2025-10-15,2025-10-15 13:54:00,601600.SH,B,8.760,100
864,63,2025-10-15,2025-10-15 13:53:59,601600.SH,B,8.760,300
865,63,2025-10-15,2025-10-15 13:53:59,601600.SH,B,8.760,100
866,58,2025-10-15,2025-10-15 13:53:51,605136.SH,S,10.080,400
867,63,2025-10-15,2025-10-15 13:53:44,002517.SZ,S,23.990,100
868,63,2025-10-15,2025-10-15 13:53:44,002517.SZ,S,23.990,100
869,61,2025-10-15,2025-10-15 13:53:43,601975.SH,B,3.140,100
870,52,2025-10-15,2025-10-15 13:53:42,600330.SH,B,10.270,100
871,61,2025-10-15,2025-10-15 13:53:30,300098.SZ,B,5.560,100
872,58,2025-10-15,2025-10-15 13:53:25,002987.SZ,B,21.030,300
873,58,2025-10-15,2025-10-15 13:53:23,000090.SZ,S,3.730,3300
874,63,2025-10-15,2025-10-15 13:53:20,600658.SH,S,5.470,300
875,61,2025-10-15,2025-10-15 13:53:05,002237.SZ,B,15.220,100
876,61,2025-10-15,2025-10-15 13:53:05,002237.SZ,B,15.220,100
877,58,2025-10-15,2025-10-15 13:53:03,002987.SZ,B,21.030,200
878,58,2025-10-15,2025-10-15 13:53:01,605136.SH,S,10.090,300
879,52,2025-10-15,2025-10-15 13:52:58,605136.SH,S,10.090,200
880,52,2025-10-15,2025-10-15 13:52:01,002987.SZ,B,21.020,100
881,59,2025-10-15,2025-10-15 13:52:51,605136.SH,S,10.090,200
882,61,2025-10-15,2025-10-15 13:52:51,605136.SH,S,10.090,700
883,52,2025-10-15,2025-10-15 13:52:44,600658.SH,B,5.470,100
884,59,2025-10-15,2025-10-15 13:52:33,002378.SZ,S,12.350,400
885,52,2025-10-15,2025-10-15 13:50:57,002632.SZ,B,10.360,100
886,59,2025-10-15,2025-10-15 13:52:26,000090.SZ,S,3.730,1100
887,61,2025-10-15,2025-10-15 13:52:25,603045.SH,S,19.910,100
888,63,2025-10-15,2025-10-15 13:52:24,002703.SZ,S,13.330,200
889,61,2025-10-15,2025-10-15 13:52:22,000550.SZ,S,21.680,100
890,61,2025-10-15,2025-10-15 13:52:17,002237.SZ,B,15.210,200
891,58,2025-10-15,2025-10-15 13:52:13,002068.SZ,S,9.990,300
892,52,2025-10-15,2025-10-15 13:46:19,002256.SZ,S,3.160,200
893,61,2025-10-15,2025-10-15 13:52:04,002639.SZ,B,11.250,100
894,61,2025-10-15,2025-10-15 13:52:04,600157.SH,B,1.680,100
895,61,2025-10-15,2025-10-15 13:52:02,300043.SZ,B,6.590,100
896,63,2025-10-15,2025-10-15 13:52:02,600905.SH,S,4.300,2200
897,61,2025-10-15,2025-10-15 13:52:01,605133.SH,S,39.320,100
898,52,2025-10-15,2025-10-15 13:52:01,600577.SH,B,10.660,200
899,52,2025-10-15,2025-10-15 13:52:01,300897.SZ,B,30.560,100
900,61,2025-10-15,2025-10-15 13:52:00,002015.SZ,B,11.200,100
901,61,2025-10-15,2025-10-15 13:51:57,002256.SZ,B,3.160,100
902,61,2025-10-15,2025-10-15 13:51:51,002911.SZ,B,13.360,100
903,52,2025-10-15,2025-10-15 13:49:00,300182.SZ,B,6.140,100
904,52,2025-10-15,2025-10-15 13:51:46,300184.SZ,B,10.730,100
905,61,2025-10-15,2025-10-15 13:51:40,300575.SZ,S,6.520,200
906,61,2025-10-15,2025-10-15 13:51:30,002150.SZ,B,18.730,100
907,59,2025-10-15,2025-10-15 13:51:29,002674.SZ,S,14.600,500
908,61,2025-10-15,2025-10-15 13:51:29,002674.SZ,S,14.600,700
909,52,2025-10-15,2025-10-15 13:51:08,601818.SH,B,3.410,100
910,63,2025-10-15,2025-10-15 13:50:58,000700.SZ,S,9.780,1700
911,61,2025-10-15,2025-10-15 13:50:56,000090.SZ,S,3.730,2000
912,59,2025-10-15,2025-10-15 13:50:54,002237.SZ,B,15.200,300
913,61,2025-10-15,2025-10-15 13:50:51,002987.SZ,B,21.020,400
914,63,2025-10-15,2025-10-15 13:50:51,601615.SH,B,16.460,400
915,61,2025-10-15,2025-10-15 13:50:51,601615.SH,B,16.460,400
916,58,2025-10-15,2025-10-15 13:50:50,300008.SZ,B,6.450,1000
917,52,2025-10-15,2025-10-15 13:50:01,600601.SH,B,10.000,200
918,58,2025-10-15,2025-10-15 13:50:47,600601.SH,B,10.000,100
919,58,2025-10-15,2025-10-15 13:50:46,600601.SH,B,10.000,1900
920,58,2025-10-15,2025-10-15 13:50:44,300575.SZ,S,6.520,300
921,52,2025-10-15,2025-10-15 13:48:23,300575.SZ,S,6.520,100
922,59,2025-10-15,2025-10-15 13:50:29,002090.SZ,S,12.320,200
923,61,2025-10-15,2025-10-15 13:50:29,002090.SZ,S,12.320,500
924,61,2025-10-15,2025-10-15 13:50:27,002622.SZ,B,3.230,100
925,61,2025-10-15,2025-10-15 13:50:26,002545.SZ,S,14.460,200
926,61,2025-10-15,2025-10-15 13:50:21,688382.SH,B,26.580,440
927,61,2025-10-15,2025-10-15 13:50:21,688382.SH,B,26.580,44
928,52,2025-10-15,2025-10-15 13:50:19,000700.SZ,S,9.790,100
929,59,2025-10-15,2025-10-15 13:50:14,300761.SZ,B,22.900,300
930,61,2025-10-15,2025-10-15 13:50:14,300250.SZ,B,24.990,100
931,52,2025-10-15,2025-10-15 13:49:17,600119.SH,S,8.410,100
932,61,2025-10-15,2025-10-15 13:50:09,300008.SZ,B,6.460,600
933,59,2025-10-15,2025-10-15 13:50:04,600601.SH,B,10.010,300
934,61,2025-10-15,2025-10-15 13:50:04,600601.SH,B,10.010,600
935,58,2025-10-15,2025-10-15 13:49:59,601615.SH,B,16.460,700
936,52,2025-10-15,2025-10-15 13:49:59,601615.SH,B,16.460,300
937,52,2025-10-15,2025-10-15 13:49:59,601615.SH,B,16.460,200
938,52,2025-10-15,2025-10-15 13:49:56,002255.SZ,B,9.230,100
939,61,2025-10-15,2025-10-15 13:49:55,603505.SH,B,18.600,100
940,52,2025-10-15,2025-10-15 13:49:55,300457.SZ,B,30.640,100
941,61,2025-10-15,2025-10-15 13:49:47,000923.SZ,B,18.020,100
942,61,2025-10-15,2025-10-15 13:49:46,300528.SZ,B,19.430,100
943,61,2025-10-15,2025-10-15 13:49:43,603256.SH,B,32.570,100
944,52,2025-10-15,2025-10-15 13:46:27,001330.SZ,B,5.400,100
945,61,2025-10-15,2025-10-15 13:49:20,300493.SZ,B,20.550,100
946,58,2025-10-15,2025-10-15 13:49:17,002674.SZ,S,14.630,700
947,52,2025-10-15,2025-10-15 13:49:17,002674.SZ,S,14.630,400
948,52,2025-10-15,2025-10-15 13:49:15,000933.SZ,S,22.420,100
949,58,2025-10-15,2025-10-15 13:49:14,603189.SH,S,21.110,300
950,52,2025-10-15,2025-10-15 13:49:14,603189.SH,S,21.110,100
951,63,2025-10-15,2025-10-15 13:49:13,000002.SZ,S,6.450,700
952,61,2025-10-15,2025-10-15 13:49:12,600152.SH,B,6.730,100
953,52,2025-10-15,2025-10-15 13:47:01,603928.SH,B,15.980,100
954,52,2025-10-15,2025-10-15 13:49:10,002090.SZ,S,12.310,100
955,61,2025-10-15,2025-10-15 13:49:06,600119.SH,S,8.410,100
956,61,2025-10-15,2025-10-15 13:49:05,688223.SH,S,5.850,236
957,61,2025-10-15,2025-10-15 13:48:52,002068.SZ,S,10.010,300
958,61,2025-10-15,2025-10-15 13:48:50,600795.SH,S,5.080,100
959,61,2025-10-15,2025-10-15 13:48:46,000709.SZ,B,2.640,100
960,52,2025-10-15,2025-10-15 13:47:51,000973.SZ,B,8.030,100
961,63,2025-10-15,2025-10-15 13:48:30,601615.SH,B,16.460,200
962,61,2025-10-15,2025-10-15 13:48:28,002953.SZ,B,13.670,100
963,59,2025-10-15,2025-10-15 13:48:22,000008.SZ,S,2.880,100
964,61,2025-10-15,2025-10-15 13:48:22,002164.SZ,S,14.160,200
965,61,2025-10-15,2025-10-15 13:48:20,603009.SH,B,49.800,100
966,59,2025-10-15,2025-10-15 13:48:19,002164.SZ,S,14.150,100
967,61,2025-10-15,2025-10-15 13:48:09,002766.SZ,B,5.720,100
968,61,2025-10-15,2025-10-15 13:47:58,002471.SZ,B,5.270,100
969,61,2025-10-15,2025-10-15 13:47:57,300903.SZ,B,13.000,100
970,61,2025-10-15,2025-10-15 13:47:56,002654.SZ,B,14.270,100
971,58,2025-10-15,2025-10-15 13:47:50,002090.SZ,S,12.310,600
972,61,2025-10-15,2025-10-15 13:47:50,688347.SH,S,127.520,200
973,61,2025-10-15,2025-10-15 13:47:50,002654.SZ,B,14.270,600
974,61,2025-10-15,2025-10-15 13:47:50,002654.SZ,B,14.270,100
975,63,2025-10-15,2025-10-15 13:47:47,000933.SZ,S,22.370,100
976,59,2025-10-15,2025-10-15 13:47:44,002068.SZ,S,10.010,100
977,52,2025-10-15,2025-10-15 13:47:44,000090.SZ,S,3.730,1400
978,61,2025-10-15,2025-10-15 13:47:31,688772.SH,S,22.460,275
979,61,2025-10-15,2025-10-15 13:47:27,600691.SH,B,3.000,100
980,61,2025-10-15,2025-10-15 13:47:22,002654.SZ,B,14.270,600
981,52,2025-10-15,2025-10-15 13:47:01,300761.SZ,B,22.900,100
982,61,2025-10-15,2025-10-15 13:47:20,002654.SZ,B,14.270,100
983,63,2025-10-15,2025-10-15 13:47:18,601615.SH,B,16.470,700
984,61,2025-10-15,2025-10-15 13:47:18,601615.SH,B,16.470,600
985,59,2025-10-15,2025-10-15 13:47:16,601615.SH,B,16.470,300
986,61,2025-10-15,2025-10-15 13:47:16,002654.SZ,B,14.270,200
987,61,2025-10-15,2025-10-15 13:47:16,300049.SZ,B,68.670,100
988,61,2025-10-15,2025-10-15 13:47:14,000803.SZ,B,6.700,100
989,61,2025-10-15,2025-10-15 13:47:14,000685.SZ,B,13.090,100
990,58,2025-10-15,2025-10-15 13:47:13,300969.SZ,S,109.000,100
991,61,2025-10-15,2025-10-15 13:47:13,000612.SZ,B,9.390,100
992,61,2025-10-15,2025-10-15 13:47:08,002402.SZ,B,50.580,100
993,63,2025-10-15,2025-10-15 13:47:02,300433.SZ,B,29.510,100
994,63,2025-10-15,2025-10-15 13:47:02,300433.SZ,B,29.510,200
995,61,2025-10-15,2025-10-15 13:47:00,002430.SZ,B,26.560,100
996,58,2025-10-15,2025-10-15 13:46:44,601600.SH,B,8.720,700
997,52,2025-10-15,2025-10-15 13:46:45,002196.SZ,B,9.480,100
998,58,2025-10-15,2025-10-15 13:46:44,601600.SH,B,8.720,2000
999,52,2025-10-15,2025-10-15 13:46:43,600157.SH,B,1.680,100
1000,52,2025-10-15,2025-10-15 13:46:33,603020.SH,S,10.400,700
1001,59,2025-10-15,2025-10-15 13:46:33,603305.SH,S,16.150,100
1002,61,2025-10-15,2025-10-15 13:46:33,603876.SH,B,11.050,100
1003,52,2025-10-15,2025-10-15 13:46:33,603020.SH,S,10.400,100
1004,59,2025-10-15,2025-10-15 13:46:31,603020.SH,S,10.400,1900
1005,61,2025-10-15,2025-10-15 13:46:31,603020.SH,S,10.400,1900
1006,61,2025-10-15,2025-10-15 13:46:31,603020.SH,S,10.400,500
1007,61,2025-10-15,2025-10-15 13:46:31,603020.SH,S,10.400,4100
1008,58,2025-10-15,2025-10-15 13:46:30,603020.SH,S,10.400,3100
1009,52,2025-10-15,2025-10-15 13:46:19,002044.SZ,S,5.500,200
1010,61,2025-10-15,2025-10-15 13:46:30,300969.SZ,S,109.870,100
1011,52,2025-10-15,2025-10-15 13:46:19,300511.SZ,S,6.840,100
1012,61,2025-10-15,2025-10-15 13:46:23,603179.SH,B,71.480,100
1013,59,2025-10-15,2025-10-15 13:46:20,002900.SZ,S,13.700,100
1014,61,2025-10-15,2025-10-15 13:46:20,002900.SZ,S,13.700,100
1015,61,2025-10-15,2025-10-15 13:46:20,001309.SZ,B,173.880,100
1016,61,2025-10-15,2025-10-15 13:46:20,002900.SZ,S,13.700,200
1017,58,2025-10-15,2025-10-15 13:46:19,002900.SZ,S,13.700,300
1018,59,2025-10-15,2025-10-15 13:46:19,603189.SH,S,21.140,100
1019,63,2025-10-15,2025-10-15 13:46:19,600157.SH,S,1.680,9900
1020,61,2025-10-15,2025-10-15 13:46:19,603189.SH,S,21.140,300
1021,63,2025-10-15,2025-10-15 13:46:19,600157.SH,S,1.680,2300
1022,52,2025-10-15,2025-10-15 13:46:19,002506.SZ,B,2.590,100
1023,63,2025-10-15,2025-10-15 13:46:19,600157.SH,S,1.680,4500
1024,61,2025-10-15,2025-10-15 13:46:16,600022.SH,B,1.630,100
1025,59,2025-10-15,2025-10-15 13:43:30,600170.SH,S,2.950,200
1026,61,2025-10-15,2025-10-15 13:43:30,300110.SZ,B,3.260,100
1027,61,2025-10-15,2025-10-15 13:43:30,600170.SH,S,2.950,300
1028,63,2025-10-15,2025-10-15 13:43:27,002378.SZ,B,12.370,300
1029,59,2025-10-15,2025-10-15 13:43:25,002378.SZ,B,12.390,500
1030,52,2025-10-15,2025-10-15 13:43:24,002378.SZ,B,12.390,300
1031,58,2025-10-15,2025-10-15 13:43:13,002971.SZ,B,34.580,400
1032,58,2025-10-15,2025-10-15 13:43:12,002911.SZ,S,13.350,300
1033,58,2025-10-15,2025-10-15 13:43:12,002911.SZ,S,13.350,100
1034,61,2025-10-15,2025-10-15 13:43:08,600604.SH,B,6.120,100
1035,61,2025-10-15,2025-10-15 13:43:08,000090.SZ,B,3.740,100
1036,58,2025-10-15,2025-10-15 13:43:03,688772.SH,B,22.580,768
1037,58,2025-10-15,2025-10-15 13:43:02,600699.SH,S,31.240,100
1038,61,2025-10-15,2025-10-15 13:43:02,600699.SH,S,31.240,100
1039,63,2025-10-15,2025-10-15 13:43:02,600699.SH,S,31.240,100
1040,58,2025-10-15,2025-10-15 13:43:01,300475.SZ,B,88.650,100
1041,58,2025-10-15,2025-10-15 13:43:00,000672.SZ,S,11.370,100
1042,58,2025-10-15,2025-10-15 13:43:00,000672.SZ,S,11.370,700
1043,58,2025-10-15,2025-10-15 13:43:00,000672.SZ,S,11.370,1000
1044,58,2025-10-15,2025-10-15 13:43:00,000672.SZ,S,11.370,100
1045,59,2025-10-15,2025-10-15 13:43:00,002911.SZ,S,13.370,500
1046,52,2025-10-15,2025-10-15 13:43:00,000672.SZ,S,11.370,700
1047,58,2025-10-15,2025-10-15 13:42:46,600170.SH,S,2.950,300
1048,63,2025-10-15,2025-10-15 13:42:46,601992.SH,B,1.820,100
1049,61,2025-10-15,2025-10-15 13:42:46,600935.SH,B,2.470,100
1050,52,2025-10-15,2025-10-15 13:42:46,600170.SH,S,2.950,400
1051,52,2025-10-15,2025-10-15 13:42:46,600533.SH,B,2.720,100
1052,61,2025-10-15,2025-10-15 13:42:44,600675.SH,B,2.940,100
1053,52,2025-10-15,2025-10-15 13:42:44,000090.SZ,B,3.740,100
1054,61,2025-10-15,2025-10-15 13:42:30,002068.SZ,S,10.030,100
1055,52,2025-10-15,2025-10-15 13:42:15,688772.SH,B,22.410,347
1056,52,2025-10-15,2025-10-15 13:42:15,688772.SH,B,22.410,55
1057,58,2025-10-15,2025-10-15 13:42:12,000672.SZ,S,11.370,100
1058,58,2025-10-15,2025-10-15 13:42:12,000672.SZ,S,11.370,600
1059,61,2025-10-15,2025-10-15 13:42:05,600236.SH,B,7.040,100
1060,59,2025-10-15,2025-10-15 13:42:00,002269.SZ,S,2.360,100
1061,61,2025-10-15,2025-10-15 13:41:37,600022.SH,B,1.630,100
1062,63,2025-10-15,2025-10-15 13:41:37,600022.SH,B,1.630,100
1063,61,2025-10-15,2025-10-15 13:41:17,600159.SH,B,2.960,100
1064,63,2025-10-15,2025-10-15 13:41:14,601601.SH,B,36.530,100
1065,63,2025-10-15,2025-10-15 13:41:01,601689.SH,S,68.900,100
1066,52,2025-10-15,2025-10-15 13:40:55,002654.SZ,S,14.330,100
1067,63,2025-10-15,2025-10-15 13:40:46,600157.SH,B,1.680,100
1068,61,2025-10-15,2025-10-15 13:40:18,000672.SZ,S,11.370,900
1069,61,2025-10-15,2025-10-15 13:40:14,688772.SH,B,22.400,353
1070,61,2025-10-15,2025-10-15 13:40:08,002378.SZ,B,12.350,1400
1071,61,2025-10-15,2025-10-15 13:40:07,600052.SH,B,5.220,100
1072,58,2025-10-15,2025-10-15 13:40:06,300250.SZ,B,25.180,800
1073,63,2025-10-15,2025-10-15 13:39:48,000408.SZ,B,58.570,100
1074,61,2025-10-15,2025-10-15 13:39:45,002911.SZ,S,13.340,230
1075,61,2025-10-15,2025-10-15 13:39:45,002911.SZ,S,13.340,500
1076,61,2025-10-15,2025-10-15 13:39:45,002911.SZ,S,13.340,670
1077,58,2025-10-15,2025-10-15 13:39:41,600119.SH,S,8.430,500
1078,52,2025-10-15,2025-10-15 13:39:06,600119.SH,S,8.430,300
1079,61,2025-10-15,2025-10-15 13:39:37,603009.SH,S,49.800,100
1080,58,2025-10-15,2025-10-15 13:39:27,002164.SZ,S,14.290,300
1081,58,2025-10-15,2025-10-15 13:39:24,000672.SZ,S,11.370,800
1082,61,2025-10-15,2025-10-15 13:39:24,603889.SH,B,7.860,100
1083,58,2025-10-15,2025-10-15 13:39:23,002575.SZ,S,7.360,100
1084,59,2025-10-15,2025-10-15 13:39:18,601929.SH,S,3.740,100
1085,61,2025-10-15,2025-10-15 13:39:18,601929.SH,S,3.740,400
1086,52,2025-10-15,2025-10-15 13:39:04,601929.SH,S,3.740,100
1087,58,2025-10-15,2025-10-15 13:39:03,688772.SH,B,22.400,400
1088,63,2025-10-15,2025-10-15 13:39:01,603305.SH,S,16.210,300
1089,58,2025-10-15,2025-10-15 13:38:53,601929.SH,S,3.740,300
1090,52,2025-10-15,2025-10-15 13:37:50,000672.SZ,S,11.380,500
1091,59,2025-10-15,2025-10-15 13:38:11,000672.SZ,S,11.370,500
1092,52,2025-10-15,2025-10-15 13:38:01,600301.SH,B,31.400,100
1093,58,2025-10-15,2025-10-15 13:38:02,600301.SH,B,31.400,100
1094,58,2025-10-15,2025-10-15 13:38:01,600301.SH,B,31.400,300
1095,58,2025-10-15,2025-10-15 13:37:55,000672.SZ,S,11.370,600
1096,63,2025-10-15,2025-10-15 13:37:52,603166.SH,S,18.020,200
1097,58,2025-10-15,2025-10-15 13:37:51,603166.SH,S,18.020,300
1098,63,2025-10-15,2025-10-15 13:37:50,600301.SH,B,31.450,100
1099,58,2025-10-15,2025-10-15 13:37:49,000672.SZ,S,11.380,500
1100,61,2025-10-15,2025-10-15 13:37:40,300546.SZ,B,26.370,200
1101,61,2025-10-15,2025-10-15 13:37:40,600169.SH,B,2.700,100
1102,52,2025-10-15,2025-10-15 13:37:39,688772.SH,B,22.430,400
1103,61,2025-10-15,2025-10-15 13:37:11,002654.SZ,B,14.350,900
1104,58,2025-10-15,2025-10-15 13:36:58,002911.SZ,S,13.360,500
1105,58,2025-10-15,2025-10-15 13:36:49,603308.SH,B,34.810,200
1106,61,2025-10-15,2025-10-15 13:36:50,000672.SZ,S,11.380,1400
1107,61,2025-10-15,2025-10-15 13:36:48,000766.SZ,B,25.170,100
1108,61,2025-10-15,2025-10-15 13:36:42,600721.SH,B,9.100,100
1109,61,2025-10-15,2025-10-15 13:36:40,600961.SH,B,16.870,300
1110,61,2025-10-15,2025-10-15 13:36:37,000612.SZ,B,9.400,100
1111,52,2025-10-15,2025-10-15 13:36:31,300421.SZ,S,20.870,100
1112,58,2025-10-15,2025-10-15 13:36:30,300475.SZ,B,88.470,300
1113,58,2025-10-15,2025-10-15 13:36:28,600119.SH,S,8.440,400
1114,59,2025-10-15,2025-10-15 13:36:28,002378.SZ,B,12.320,600
1115,63,2025-10-15,2025-10-15 13:36:28,002378.SZ,B,12.320,400
1116,52,2025-10-15,2025-10-15 13:36:28,002378.SZ,B,12.320,400
1117,58,2025-10-15,2025-10-15 13:36:28,600119.SH,S,8.440,100
1118,58,2025-10-15,2025-10-15 13:36:27,600119.SH,S,8.440,200
1119,58,2025-10-15,2025-10-15 13:36:26,600119.SH,S,8.440,100
1120,52,2025-10-15,2025-10-15 13:36:26,002392.SZ,B,10.040,100
1121,61,2025-10-15,2025-10-15 13:36:23,002317.SZ,B,16.990,100
1122,63,2025-10-15,2025-10-15 13:36:22,000408.SZ,B,58.410,200
1123,52,2025-10-15,2025-10-15 13:35:17,000050.SZ,B,9.370,100
1124,63,2025-10-15,2025-10-15 13:36:17,600406.SH,B,23.460,100
1125,61,2025-10-15,2025-10-15 13:36:16,002246.SZ,S,20.740,100
1126,59,2025-10-15,2025-10-15 13:36:12,300475.SZ,B,88.440,200
1127,61,2025-10-15,2025-10-15 13:36:12,603556.SH,B,29.510,100
1128,58,2025-10-15,2025-10-15 13:36:09,002378.SZ,B,12.320,400
1129,63,2025-10-15,2025-10-15 13:36:11,603020.SH,B,10.420,100
1130,58,2025-10-15,2025-10-15 13:36:09,002378.SZ,B,12.320,600
1131,58,2025-10-15,2025-10-15 13:36:09,002378.SZ,B,12.320,100
1132,52,2025-10-15,2025-10-15 13:36:09,002378.SZ,B,12.320,300
1133,61,2025-10-15,2025-10-15 13:35:58,300897.SZ,S,30.810,200
1134,59,2025-10-15,2025-10-15 13:35:56,688772.SH,B,22.400,400
1135,61,2025-10-15,2025-10-15 13:35:57,300407.SZ,B,10.880,100
1136,61,2025-10-15,2025-10-15 13:35:53,603009.SH,S,49.670,100
1137,63,2025-10-15,2025-10-15 13:35:53,603009.SH,S,49.670,100
1138,63,2025-10-15,2025-10-15 13:35:51,601689.SH,S,68.820,100
1139,59,2025-10-15,2025-10-15 13:35:49,600119.SH,S,8.440,500
1140,61,2025-10-15,2025-10-15 13:35:49,600119.SH,S,8.440,400
1141,61,2025-10-15,2025-10-15 13:35:49,600119.SH,S,8.440,100
1142,61,2025-10-15,2025-10-15 13:35:49,600119.SH,S,8.440,400
1143,61,2025-10-15,2025-10-15 13:35:49,600119.SH,S,8.440,300
1144,61,2025-10-15,2025-10-15 13:35:48,002321.SZ,B,2.870,100
1145,59,2025-10-15,2025-10-15 13:35:47,603009.SH,S,49.670,100
1146,61,2025-10-15,2025-10-15 13:35:43,688772.SH,B,22.390,180
1147,61,2025-10-15,2025-10-15 13:35:43,688772.SH,B,22.390,220
1148,61,2025-10-15,2025-10-15 13:35:43,688772.SH,B,22.390,180
1149,61,2025-10-15,2025-10-15 13:35:43,688772.SH,B,22.390,20
1150,52,2025-10-15,2025-10-15 13:35:40,605488.SH,S,32.440,100
1151,58,2025-10-15,2025-10-15 13:35:39,603009.SH,S,49.780,200
1152,61,2025-10-15,2025-10-15 13:35:33,600699.SH,S,31.080,300
1153,63,2025-10-15,2025-10-15 13:35:33,600699.SH,S,31.080,300
1154,58,2025-10-15,2025-10-15 13:35:33,600699.SH,S,31.080,100
1155,58,2025-10-15,2025-10-15 13:35:33,600699.SH,S,31.080,200
1156,52,2025-10-15,2025-10-15 13:35:32,600699.SH,S,31.080,100
1157,61,2025-10-15,2025-10-15 13:35:32,300903.SZ,B,13.030,100
1158,52,2025-10-15,2025-10-15 13:35:17,002491.SZ,B,5.170,100
1159,63,2025-10-15,2025-10-15 13:35:16,601390.SH,B,5.730,100
1160,61,2025-10-15,2025-10-15 13:35:10,300322.SZ,B,23.280,500
1161,58,2025-10-15,2025-10-15 13:35:05,300322.SZ,B,23.290,400
1162,61,2025-10-15,2025-10-15 13:35:05,301058.SZ,B,11.230,100
1163,52,2025-10-15,2025-10-15 13:35:05,300322.SZ,B,23.290,100
1164,61,2025-10-15,2025-10-15 13:35:04,688365.SH,B,14.750,435
1165,61,2025-10-15,2025-10-15 13:35:03,002639.SZ,B,11.270,100
1166,63,2025-10-15,2025-10-15 13:34:53,600895.SH,B,47.010,100
1167,52,2025-10-15,2025-10-15 13:33:06,600721.SH,B,9.090,100
1168,59,2025-10-15,2025-10-15 13:34:42,002054.SZ,S,7.000,100
1169,61,2025-10-15,2025-10-15 13:34:42,002054.SZ,S,7.000,200
1170,58,2025-10-15,2025-10-15 13:34:42,002911.SZ,S,13.370,100
1171,58,2025-10-15,2025-10-15 13:34:42,002911.SZ,S,13.370,200
1172,58,2025-10-15,2025-10-15 13:34:42,002911.SZ,S,13.370,200
1173,52,2025-10-15,2025-10-15 13:31:58,002911.SZ,S,13.370,100
1174,52,2025-10-15,2025-10-15 13:31:58,002911.SZ,S,13.370,200
1175,61,2025-10-15,2025-10-15 13:34:38,300115.SZ,S,38.570,100
1176,63,2025-10-15,2025-10-15 13:34:37,002517.SZ,B,24.230,400
1177,63,2025-10-15,2025-10-15 13:34:38,300115.SZ,S,38.570,100
1178,52,2025-10-15,2025-10-15 13:34:25,000975.SZ,S,23.890,100
1179,61,2025-10-15,2025-10-15 13:34:26,300761.SZ,B,22.950,100
1180,59,2025-10-15,2025-10-15 13:34:24,000672.SZ,S,11.420,800
1181,58,2025-10-15,2025-10-15 13:34:22,300115.SZ,S,38.530,200
1182,52,2025-10-15,2025-10-15 13:34:18,300115.SZ,S,38.500,200
1183,58,2025-10-15,2025-10-15 13:34:11,300897.SZ,S,30.870,100
1184,52,2025-10-15,2025-10-15 13:34:10,300897.SZ,S,30.870,100
1185,52,2025-10-15,2025-10-15 13:34:03,688403.SH,B,16.550,644
1186,52,2025-10-15,2025-10-15 13:33:54,600239.SH,B,2.580,100
1187,61,2025-10-15,2025-10-15 13:34:02,300593.SZ,B,20.480,100
1188,59,2025-10-15,2025-10-15 13:33:59,688772.SH,B,22.390,200
1189,58,2025-10-15,2025-10-15 13:33:57,300575.SZ,S,6.530,1000
1190,58,2025-10-15,2025-10-15 13:33:57,300575.SZ,S,6.530,100
1191,58,2025-10-15,2025-10-15 13:33:57,300575.SZ,S,6.530,100
1192,52,2025-10-15,2025-10-15 13:33:26,300575.SZ,S,6.530,600
1193,61,2025-10-15,2025-10-15 13:33:56,300158.SZ,B,6.960,100
1194,58,2025-10-15,2025-10-15 13:33:55,002378.SZ,B,12.300,400
1195,58,2025-10-15,2025-10-15 13:33:54,603308.SH,B,34.870,200
1196,61,2025-10-15,2025-10-15 13:33:53,002935.SZ,B,15.770,100
1197,63,2025-10-15,2025-10-15 13:33:52,603256.SH,B,32.530,100
1198,61,2025-10-15,2025-10-15 13:33:51,002335.SZ,B,65.860,100
1199,61,2025-10-15,2025-10-15 13:33:51,688772.SH,B,22.390,200
1200,59,2025-10-15,2025-10-15 13:33:50,300575.SZ,S,6.530,500
1201,61,2025-10-15,2025-10-15 13:33:50,300575.SZ,S,6.530,600
1202,61,2025-10-15,2025-10-15 13:33:47,601968.SH,B,5.500,100
1203,61,2025-10-15,2025-10-15 13:33:43,300575.SZ,S,6.530,600
1204,61,2025-10-15,2025-10-15 13:33:43,000550.SZ,B,21.620,100
1205,61,2025-10-15,2025-10-15 13:33:41,002759.SZ,B,23.580,100
1206,58,2025-10-15,2025-10-15 13:33:41,002068.SZ,S,10.040,100
1207,52,2025-10-15,2025-10-15 13:33:41,002068.SZ,S,10.040,100
1208,61,2025-10-15,2025-10-15 13:33:37,603308.SH,B,34.880,100
1209,63,2025-10-15,2025-10-15 13:33:37,603308.SH,B,34.880,100
1210,59,2025-10-15,2025-10-15 13:33:26,600338.SH,S,13.530,100
1211,63,2025-10-15,2025-10-15 13:33:21,603179.SH,S,72.590,200
1212,61,2025-10-15,2025-10-15 13:33:21,603179.SH,S,72.590,100
1213,59,2025-10-15,2025-10-15 13:33:08,603901.SH,S,12.050,500
1214,61,2025-10-15,2025-10-15 13:33:08,603901.SH,S,12.050,1000
1215,59,2025-10-15,2025-10-15 13:33:07,603901.SH,S,12.050,100
1216,59,2025-10-15,2025-10-15 13:33:07,603901.SH,S,12.050,200
1217,52,2025-10-15,2025-10-15 13:32:52,002195.SZ,B,7.490,100
1218,61,2025-10-15,2025-10-15 13:32:59,603978.SH,B,22.600,100
1219,59,2025-10-15,2025-10-15 13:32:58,688772.SH,B,22.380,200
1220,61,2025-10-15,2025-10-15 13:32:54,688772.SH,B,22.380,200
1221,63,2025-10-15,2025-10-15 13:32:52,002230.SZ,B,53.910,100
1222,61,2025-10-15,2025-10-15 13:32:52,688772.SH,B,22.380,400
1223,58,2025-10-15,2025-10-15 13:32:50,002054.SZ,S,7.000,100
1224,52,2025-10-15,2025-10-15 13:32:47,688772.SH,B,22.380,174
1225,58,2025-10-15,2025-10-15 13:32:48,688772.SH,B,22.380,600
1226,52,2025-10-15,2025-10-15 13:32:47,688772.SH,B,22.380,200
1227,52,2025-10-15,2025-10-15 13:32:47,688772.SH,B,22.380,26
1228,58,2025-10-15,2025-10-15 13:32:38,603179.SH,S,72.150,100
1229,59,2025-10-15,2025-10-15 13:32:34,688556.SH,S,12.300,440
1230,58,2025-10-15,2025-10-15 13:32:34,688556.SH,S,12.300,892
1231,58,2025-10-15,2025-10-15 13:32:34,300475.SZ,B,88.230,400
1232,61,2025-10-15,2025-10-15 13:32:33,002430.SZ,B,26.550,100
1233,61,2025-10-15,2025-10-15 13:32:28,688223.SH,B,5.830,442
1234,61,2025-10-15,2025-10-15 13:32:26,002255.SZ,B,9.260,100
1235,61,2025-10-15,2025-10-15 13:32:24,603429.SH,B,10.540,100
1236,59,2025-10-15,2025-10-15 13:32:23,603305.SH,S,16.250,100
1237,61,2025-10-15,2025-10-15 13:32:23,600795.SH,B,5.070,100
1238,61,2025-10-15,2025-10-15 13:32:23,603305.SH,S,16.250,300
1239,63,2025-10-15,2025-10-15 13:32:21,600301.SH,B,31.350,200
1240,52,2025-10-15,2025-10-15 13:32:20,002703.SZ,S,13.370,100
1241,58,2025-10-15,2025-10-15 13:32:17,301008.SZ,S,40.590,100
1242,52,2025-10-15,2025-10-15 13:32:04,300328.SZ,B,15.540,100
1243,58,2025-10-15,2025-10-15 13:32:15,603305.SH,S,16.270,400
1244,52,2025-10-15,2025-10-15 13:32:15,603305.SH,S,16.270,100
1245,52,2025-10-15,2025-10-15 13:32:15,603305.SH,S,16.270,100
1246,59,2025-10-15,2025-10-15 13:32:14,002150.SZ,S,18.580,100
1247,61,2025-10-15,2025-10-15 13:32:14,002150.SZ,S,18.580,200
1248,59,2025-10-15,2025-10-15 13:32:13,603166.SH,S,18.070,300
1249,63,2025-10-15,2025-10-15 13:32:13,603166.SH,S,18.070,700
1250,61,2025-10-15,2025-10-15 13:32:13,603166.SH,S,18.070,600
1251,58,2025-10-15,2025-10-15 13:32:12,603166.SH,S,18.070,400
1252,58,2025-10-15,2025-10-15 13:32:12,002150.SZ,S,18.580,100
1253,58,2025-10-15,2025-10-15 13:32:12,301002.SZ,S,35.350,100
1254,52,2025-10-15,2025-10-15 13:32:12,603166.SH,S,18.070,200
1255,61,2025-10-15,2025-10-15 13:32:11,300007.SZ,B,56.120,100
1256,58,2025-10-15,2025-10-15 13:32:11,002472.SZ,S,43.580,100
1257,61,2025-10-15,2025-10-15 13:32:09,301007.SZ,B,43.950,100
1258,61,2025-10-15,2025-10-15 13:32:02,603360.SH,B,26.560,100
1259,61,2025-10-15,2025-10-15 13:32:00,000882.SZ,B,2.020,100
1260,61,2025-10-15,2025-10-15 13:31:59,301150.SZ,B,39.780,100
1261,61,2025-10-15,2025-10-15 13:31:58,300546.SZ,B,26.390,300
1262,61,2025-10-15,2025-10-15 13:31:58,000672.SZ,S,11.430,600
1263,61,2025-10-15,2025-10-15 13:31:57,000672.SZ,S,11.430,300
1264,61,2025-10-15,2025-10-15 13:31:57,000672.SZ,S,11.430,1000
1265,63,2025-10-15,2025-10-15 13:31:55,600301.SH,B,31.350,100
1266,61,2025-10-15,2025-10-15 13:31:52,300680.SZ,S,56.070,100
1267,63,2025-10-15,2025-10-15 13:31:51,000408.SZ,B,58.460,100
1268,63,2025-10-15,2025-10-15 13:31:51,000408.SZ,B,58.460,100
1269,63,2025-10-15,2025-10-15 13:31:51,000408.SZ,B,58.460,200
1270,58,2025-10-15,2025-10-15 13:31:50,688556.SH,S,12.310,200
1271,52,2025-10-15,2025-10-15 13:31:47,688556.SH,S,12.310,345
1272,61,2025-10-15,2025-10-15 13:31:49,002334.SZ,S,9.910,100
1273,61,2025-10-15,2025-10-15 13:31:48,000600.SZ,B,8.720,100
1274,52,2025-10-15,2025-10-15 13:31:31,300182.SZ,S,6.190,100
1275,63,2025-10-15,2025-10-15 13:31:44,002164.SZ,S,14.310,100
1276,58,2025-10-15,2025-10-15 13:31:41,603901.SH,S,12.010,1000
1277,59,2025-10-15,2025-10-15 13:31:39,002164.SZ,S,14.300,300
1278,58,2025-10-15,2025-10-15 13:31:38,601619.SH,B,5.100,1600
1279,61,2025-10-15,2025-10-15 13:31:38,002164.SZ,S,14.300,100
1280,61,2025-10-15,2025-10-15 13:31:38,002164.SZ,S,14.300,100
1281,61,2025-10-15,2025-10-15 13:31:38,002164.SZ,S,14.300,600
1282,61,2025-10-15,2025-10-15 13:31:38,002164.SZ,S,14.300,100
1283,58,2025-10-15,2025-10-15 13:31:34,002164.SZ,S,14.310,500
1284,52,2025-10-15,2025-10-15 13:31:33,002164.SZ,S,14.310,200
1285,59,2025-10-15,2025-10-15 13:31:32,002654.SZ,S,14.300,200
1286,52,2025-10-15,2025-10-15 13:31:24,603212.SH,B,11.630,100
1287,52,2025-10-15,2025-10-15 13:31:20,300475.SZ,B,88.390,100
1288,61,2025-10-15,2025-10-15 13:31:30,688556.SH,S,12.320,572
1289,63,2025-10-15,2025-10-15 13:31:30,601689.SH,S,69.550,200
1290,63,2025-10-15,2025-10-15 13:31:28,603305.SH,S,16.260,600
1291,59,2025-10-15,2025-10-15 13:31:25,601619.SH,B,5.100,400
1292,61,2025-10-15,2025-10-15 13:31:25,601619.SH,B,5.100,1500
1293,52,2025-10-15,2025-10-15 13:31:20,601619.SH,B,5.100,300
1294,52,2025-10-15,2025-10-15 13:31:20,603901.SH,S,12.010,700
1295,61,2025-10-15,2025-10-15 13:31:20,601975.SH,S,3.140,100
1296,59,2025-10-15,2025-10-15 13:31:18,300885.SZ,S,23.630,100
1297,59,2025-10-15,2025-10-15 13:31:18,300115.SZ,S,38.270,100
1298,63,2025-10-15,2025-10-15 13:31:17,300115.SZ,S,38.270,200
1299,61,2025-10-15,2025-10-15 13:31:16,300115.SZ,S,38.270,200
1300,61,2025-10-15,2025-10-15 13:31:16,002249.SZ,B,11.050,100
1301,61,2025-10-15,2025-10-15 13:31:16,002472.SZ,S,43.440,100
1302,61,2025-10-15,2025-10-15 13:28:30,000008.SZ,B,2.880,100
1303,52,2025-10-15,2025-10-15 13:28:30,601975.SH,B,3.150,100
1304,61,2025-10-15,2025-10-15 13:28:08,601121.SH,B,7.120,100
1305,63,2025-10-15,2025-10-15 13:28:08,003816.SZ,B,3.910,100
1306,61,2025-10-15,2025-10-15 13:28:08,600256.SH,B,5.280,100
1307,61,2025-10-15,2025-10-15 13:28:07,601975.SH,B,3.140,300
1308,61,2025-10-15,2025-10-15 13:28:03,600157.SH,B,1.680,100
1309,61,2025-10-15,2025-10-15 13:28:03,000402.SZ,B,3.030,100
1310,61,2025-10-15,2025-10-15 13:28:02,300511.SZ,S,6.820,1000
1311,58,2025-10-15,2025-10-15 13:28:00,000657.SZ,B,18.300,300
1312,52,2025-10-15,2025-10-15 13:28:01,002533.SZ,S,12.760,400
1313,59,2025-10-15,2025-10-15 13:28:00,300185.SZ,S,3.120,100
1314,52,2025-10-15,2025-10-15 13:28:00,603308.SH,B,34.700,100
1315,61,2025-10-15,2025-10-15 13:27:56,600335.SH,B,6.070,100
1316,58,2025-10-15,2025-10-15 13:27:54,600301.SH,B,31.280,200
1317,58,2025-10-15,2025-10-15 13:27:54,600301.SH,B,31.280,200
1318,58,2025-10-15,2025-10-15 13:27:53,002533.SZ,S,12.760,500
1319,58,2025-10-15,2025-10-15 13:27:53,002533.SZ,S,12.760,500
1320,58,2025-10-15,2025-10-15 13:27:53,002533.SZ,S,12.760,600
1321,61,2025-10-15,2025-10-15 13:27:46,600239.SH,B,2.580,100
1322,63,2025-10-15,2025-10-15 13:27:46,600157.SH,B,1.680,100
1323,61,2025-10-15,2025-10-15 13:27:46,600688.SH,B,2.750,100
1324,52,2025-10-15,2025-10-15 13:27:46,600170.SH,S,2.950,100
1325,61,2025-10-15,2025-10-15 13:27:20,600301.SH,B,31.300,100
1326,61,2025-10-15,2025-10-15 13:27:17,603233.SH,B,16.960,100
1327,61,2025-10-15,2025-10-15 13:26:43,300468.SZ,B,37.880,100
1328,58,2025-10-15,2025-10-15 13:26:43,605580.SH,B,27.490,300
1329,61,2025-10-15,2025-10-15 13:26:18,600724.SH,B,5.310,100
1330,61,2025-10-15,2025-10-15 13:26:13,600961.SH,B,16.830,600
1331,61,2025-10-15,2025-10-15 13:26:13,600961.SH,B,16.830,200
1332,59,2025-10-15,2025-10-15 13:26:04,002146.SZ,S,1.610,100
1333,58,2025-10-15,2025-10-15 13:25:49,605580.SH,B,27.450,100
1334,59,2025-10-15,2025-10-15 13:25:28,002533.SZ,S,12.730,400
1335,61,2025-10-15,2025-10-15 13:25:28,002533.SZ,S,12.730,1100
1336,58,2025-10-15,2025-10-15 13:25:22,603308.SH,B,34.660,100
1337,58,2025-10-15,2025-10-15 13:25:20,300593.SZ,S,20.360,300
1338,58,2025-10-15,2025-10-15 13:25:17,002418.SZ,S,4.470,1300
1339,63,2025-10-15,2025-10-15 13:25:10,601229.SH,B,9.660,100
1340,63,2025-10-15,2025-10-15 13:25:08,603993.SH,B,15.890,300
1341,63,2025-10-15,2025-10-15 13:25:06,601929.SH,B,3.730,100
1342,63,2025-10-15,2025-10-15 13:25:01,601868.SH,B,2.490,100
1343,61,2025-10-15,2025-10-15 13:24:57,603308.SH,B,34.620,100
1344,63,2025-10-15,2025-10-15 13:24:48,002050.SZ,S,43.780,300
1345,59,2025-10-15,2025-10-15 13:24:39,600337.SH,S,2.340,100
1346,61,2025-10-15,2025-10-15 13:24:29,600866.SH,B,7.830,100
1347,52,2025-10-15,2025-10-15 13:24:22,600658.SH,S,5.460,100
1348,61,2025-10-15,2025-10-15 13:24:09,300009.SZ,B,10.480,100
1349,63,2025-10-15,2025-10-15 13:23:52,002050.SZ,S,43.950,300
1350,63,2025-10-15,2025-10-15 13:23:52,002050.SZ,S,43.950,100
1351,61,2025-10-15,2025-10-15 13:23:48,002501.SZ,S,2.480,600
1352,61,2025-10-15,2025-10-15 13:23:43,600822.SH,B,11.220,100
1353,52,2025-10-15,2025-10-15 13:22:55,002654.SZ,B,14.280,200
1354,52,2025-10-15,2025-10-15 13:22:55,002654.SZ,B,14.280,600
1355,58,2025-10-15,2025-10-15 13:23:21,300511.SZ,S,6.830,700
1356,52,2025-10-15,2025-10-15 13:23:09,600301.SH,B,31.200,100
1357,61,2025-10-15,2025-10-15 13:22:52,300468.SZ,B,38.090,100
1358,61,2025-10-15,2025-10-15 13:22:45,002706.SZ,S,12.140,400
1359,61,2025-10-15,2025-10-15 13:22:41,002335.SZ,S,66.280,100
1360,58,2025-10-15,2025-10-15 13:22:37,603360.SH,B,26.350,400
1361,61,2025-10-15,2025-10-15 13:22:26,601113.SH,B,4.380,100
1362,61,2025-10-15,2025-10-15 13:22:24,000630.SZ,B,5.430,1200
1363,61,2025-10-15,2025-10-15 13:22:19,002418.SZ,S,4.480,600
1364,58,2025-10-15,2025-10-15 13:22:10,002654.SZ,B,14.300,100
1365,58,2025-10-15,2025-10-15 13:22:08,002654.SZ,B,14.300,300
1366,58,2025-10-15,2025-10-15 13:22:06,002654.SZ,B,14.300,100
1367,61,2025-10-15,2025-10-15 13:22:05,002202.SZ,B,16.440,200
1368,61,2025-10-15,2025-10-15 13:22:05,002202.SZ,B,16.440,1000
1369,59,2025-10-15,2025-10-15 13:22:03,002501.SZ,B,2.480,200
1370,58,2025-10-15,2025-10-15 13:22:02,002654.SZ,B,14.300,300
1371,58,2025-10-15,2025-10-15 13:22:02,002654.SZ,B,14.300,1000
1372,58,2025-10-15,2025-10-15 13:22:02,002654.SZ,B,14.300,200
1373,61,2025-10-15,2025-10-15 13:22:02,300593.SZ,S,20.400,300
1374,61,2025-10-15,2025-10-15 13:22:02,300593.SZ,S,20.400,400
1375,59,2025-10-15,2025-10-15 13:22:01,300511.SZ,S,6.850,700
1376,61,2025-10-15,2025-10-15 13:22:01,300511.SZ,S,6.850,1300
1377,61,2025-10-15,2025-10-15 13:21:58,301078.SZ,B,11.230,100
1378,52,2025-10-15,2025-10-15 13:20:57,601615.SH,B,16.400,100
1379,59,2025-10-15,2025-10-15 13:21:40,002533.SZ,S,12.750,600
1380,61,2025-10-15,2025-10-15 13:21:33,600301.SH,B,31.200,200
1381,63,2025-10-15,2025-10-15 13:21:26,600577.SH,B,10.570,100
1382,63,2025-10-15,2025-10-15 13:21:25,000657.SZ,B,18.230,300
1383,58,2025-10-15,2025-10-15 13:21:23,000657.SZ,B,18.230,300
1384,52,2025-10-15,2025-10-15 13:21:21,000657.SZ,B,18.230,200
1385,58,2025-10-15,2025-10-15 13:21:21,000657.SZ,B,18.230,200
1386,61,2025-10-15,2025-10-15 13:21:18,601869.SH,B,84.920,100
1387,52,2025-10-15,2025-10-15 13:21:18,601600.SH,B,8.690,600
1388,61,2025-10-15,2025-10-15 13:21:17,300407.SZ,S,10.900,100
1389,61,2025-10-15,2025-10-15 13:21:14,000657.SZ,B,18.240,300
1390,61,2025-10-15,2025-10-15 13:21:12,300185.SZ,B,3.120,100
1391,61,2025-10-15,2025-10-15 13:21:10,002533.SZ,S,12.750,1700
1392,58,2025-10-15,2025-10-15 13:21:05,000630.SZ,B,5.430,1200
1393,58,2025-10-15,2025-10-15 13:21:05,000630.SZ,B,5.430,4400
1394,52,2025-10-15,2025-10-15 13:21:05,000630.SZ,B,5.430,1300
1395,58,2025-10-15,2025-10-15 13:21:02,000534.SZ,B,15.880,100
1396,58,2025-10-15,2025-10-15 13:21:02,000534.SZ,B,15.880,100
1397,58,2025-10-15,2025-10-15 13:21:02,000534.SZ,B,15.880,100
1398,58,2025-10-15,2025-10-15 13:21:02,000534.SZ,B,15.880,100
1399,52,2025-10-15,2025-10-15 13:21:00,002246.SZ,B,20.700,100
1400,58,2025-10-15,2025-10-15 13:21:00,603308.SH,B,34.580,300
1401,52,2025-10-15,2025-10-15 13:20:58,603308.SH,B,34.580,100
1402,63,2025-10-15,2025-10-15 13:20:59,603993.SH,B,15.730,600
1403,63,2025-10-15,2025-10-15 13:20:59,000657.SZ,B,18.240,100
1404,63,2025-10-15,2025-10-15 13:20:59,000657.SZ,B,18.240,100
1405,52,2025-10-15,2025-10-15 13:20:49,002533.SZ,S,12.750,400
1406,52,2025-10-15,2025-10-15 13:20:49,002533.SZ,S,12.750,800
1407,58,2025-10-15,2025-10-15 13:20:54,002533.SZ,S,12.750,1100
1408,58,2025-10-15,2025-10-15 13:20:54,002533.SZ,S,12.750,2000
1409,58,2025-10-15,2025-10-15 13:20:54,300761.SZ,B,22.880,400
1410,52,2025-10-15,2025-10-15 13:16:40,002418.SZ,B,4.470,100
1411,58,2025-10-15,2025-10-15 13:20:53,002533.SZ,S,12.750,200
1412,58,2025-10-15,2025-10-15 13:20:53,002533.SZ,S,12.750,400
1413,58,2025-10-15,2025-10-15 13:20:52,002533.SZ,S,12.750,200
1414,61,2025-10-15,2025-10-15 13:20:52,300098.SZ,S,5.560,100
1415,58,2025-10-15,2025-10-15 13:20:48,300593.SZ,S,20.270,400
1416,58,2025-10-15,2025-10-15 13:20:34,300511.SZ,S,6.840,1600
1417,61,2025-10-15,2025-10-15 13:20:16,000550.SZ,S,21.620,100
1418,59,2025-10-15,2025-10-15 13:20:14,000657.SZ,B,18.200,200
1419,61,2025-10-15,2025-10-15 13:20:06,002246.SZ,B,20.690,100
1420,63,2025-10-15,2025-10-15 13:20:02,601869.SH,B,84.900,100
1421,52,2025-10-15,2025-10-15 13:19:24,600019.SH,B,7.190,100
1422,59,2025-10-15,2025-10-15 13:19:38,600301.SH,B,31.130,200
1423,63,2025-10-15,2025-10-15 13:19:37,600301.SH,B,31.130,100
1424,59,2025-10-15,2025-10-15 13:19:30,300092.SZ,S,17.010,100
1425,61,2025-10-15,2025-10-15 13:19:18,300180.SZ,B,7.480,100
1426,63,2025-10-15,2025-10-15 13:19:08,601618.SH,B,3.880,100
1427,61,2025-10-15,2025-10-15 13:19:04,002759.SZ,S,23.520,100
1428,61,2025-10-15,2025-10-15 13:18:58,000534.SZ,S,15.880,100
1429,61,2025-10-15,2025-10-15 13:18:48,300475.SZ,B,87.710,100
1430,52,2025-10-15,2025-10-15 13:18:48,000766.SZ,B,25.170,100
1431,61,2025-10-15,2025-10-15 13:18:40,600770.SH,B,5.740,100
1432,59,2025-10-15,2025-10-15 13:18:38,002617.SZ,S,8.740,100
1433,63,2025-10-15,2025-10-15 13:18:33,601998.SH,B,7.500,100
1434,61,2025-10-15,2025-10-15 13:18:10,000566.SZ,B,5.540,100
1435,63,2025-10-15,2025-10-15 13:18:02,000408.SZ,B,58.100,100
1436,61,2025-10-15,2025-10-15 13:17:54,600301.SH,B,31.090,300
1437,61,2025-10-15,2025-10-15 13:17:54,600301.SH,B,31.090,100
1438,61,2025-10-15,2025-10-15 13:17:54,002624.SZ,S,17.300,100
1439,59,2025-10-15,2025-10-15 13:17:52,301000.SZ,S,45.790,100
1440,61,2025-10-15,2025-10-15 13:17:52,000960.SZ,B,23.070,100
1441,58,2025-10-15,2025-10-15 13:17:50,300546.SZ,B,26.360,300
1442,52,2025-10-15,2025-10-15 13:17:40,300546.SZ,B,26.360,100
1443,63,2025-10-15,2025-10-15 13:17:48,603993.SH,B,15.760,800
1444,58,2025-10-15,2025-10-15 13:17:46,002313.SZ,B,10.980,400
1445,61,2025-10-15,2025-10-15 13:17:46,300468.SZ,B,38.180,100
1446,61,2025-10-15,2025-10-15 13:17:46,300522.SZ,B,13.330,100
1447,59,2025-10-15,2025-10-15 13:17:43,002491.SZ,S,5.170,100
1448,58,2025-10-15,2025-10-15 13:17:43,300546.SZ,B,26.360,100
1449,52,2025-10-15,2025-10-15 13:17:42,601600.SH,B,8.680,600
1450,61,2025-10-15,2025-10-15 13:17:40,002506.SZ,B,2.590,100
1451,61,2025-10-15,2025-10-15 13:17:32,603360.SH,B,26.240,100
1452,63,2025-10-15,2025-10-15 13:17:32,603360.SH,B,26.240,100
1453,52,2025-10-15,2025-10-15 13:17:28,300369.SZ,B,7.660,100
1454,61,2025-10-15,2025-10-15 13:17:26,603308.SH,B,34.510,200
1455,52,2025-10-15,2025-10-15 13:17:26,300683.SZ,B,34.250,100
1456,59,2025-10-15,2025-10-15 13:17:24,603308.SH,B,34.500,200
1457,61,2025-10-15,2025-10-15 13:17:15,002706.SZ,S,12.140,600
1458,52,2025-10-15,2025-10-15 13:17:11,601515.SH,B,4.730,100
1459,58,2025-10-15,2025-10-15 13:17:12,002501.SZ,S,2.470,2600
1460,59,2025-10-15,2025-10-15 13:17:10,300593.SZ,S,20.490,400
1461,63,2025-10-15,2025-10-15 13:17:10,300593.SZ,S,20.490,400
1462,61,2025-10-15,2025-10-15 13:17:10,300593.SZ,S,20.490,700
1463,59,2025-10-15,2025-10-15 13:17:08,300593.SZ,S,20.490,100
1464,58,2025-10-15,2025-10-15 13:17:07,002575.SZ,B,7.360,400
1465,61,2025-10-15,2025-10-15 13:17:04,002542.SZ,B,3.620,100
1466,63,2025-10-15,2025-10-15 13:17:00,002050.SZ,S,43.160,100
1467,61,2025-10-15,2025-10-15 13:16:59,601515.SH,B,4.730,100
1468,52,2025-10-15,2025-10-15 13:16:58,002335.SZ,S,66.380,100
1469,58,2025-10-15,2025-10-15 13:16:49,002706.SZ,S,12.170,500
1470,58,2025-10-15,2025-10-15 13:16:48,002706.SZ,S,12.170,100
1471,58,2025-10-15,2025-10-15 13:16:48,002706.SZ,S,12.170,300
1472,52,2025-10-15,2025-10-15 13:16:48,002706.SZ,S,12.170,200
1473,59,2025-10-15,2025-10-15 13:16:48,000630.SZ,B,5.410,2900
1474,61,2025-10-15,2025-10-15 13:16:48,000630.SZ,B,5.410,6800
1475,59,2025-10-15,2025-10-15 13:16:45,002498.SZ,S,3.770,100
1476,58,2025-10-15,2025-10-15 13:16:42,000965.SZ,S,4.280,100
1477,63,2025-10-15,2025-10-15 13:16:40,002050.SZ,S,42.910,500
1478,61,2025-10-15,2025-10-15 13:16:40,002050.SZ,S,42.910,100
1479,52,2025-10-15,2025-10-15 13:16:39,002050.SZ,S,42.890,100
1480,59,2025-10-15,2025-10-15 13:16:33,002706.SZ,S,12.220,400
1481,58,2025-10-15,2025-10-15 13:16:33,300593.SZ,S,20.400,600
1482,58,2025-10-15,2025-10-15 13:16:32,002335.SZ,S,66.570,100
1483,58,2025-10-15,2025-10-15 13:16:30,002335.SZ,S,66.570,100
1484,61,2025-10-15,2025-10-15 13:16:26,300007.SZ,S,54.830,100
1485,59,2025-10-15,2025-10-15 13:16:25,002335.SZ,S,66.370,100
1486,61,2025-10-15,2025-10-15 13:16:25,002335.SZ,S,66.370,200
1487,52,2025-10-15,2025-10-15 13:16:20,300511.SZ,S,6.890,700
1488,61,2025-10-15,2025-10-15 13:16:22,301012.SZ,S,24.040,100
1489,52,2025-10-15,2025-10-15 13:16:19,300593.SZ,S,20.440,400
1490,59,2025-10-15,2025-10-15 13:16:20,002654.SZ,B,14.260,900
1491,61,2025-10-15,2025-10-15 13:16:18,002533.SZ,S,12.910,200
1492,61,2025-10-15,2025-10-15 13:16:18,002533.SZ,S,12.910,200
1493,61,2025-10-15,2025-10-15 13:16:18,002533.SZ,S,12.910,500
1494,61,2025-10-15,2025-10-15 13:16:18,002533.SZ,S,12.910,1400
1495,58,2025-10-15,2025-10-15 13:16:16,002437.SZ,B,3.210,400
1496,59,2025-10-15,2025-10-15 13:16:16,002533.SZ,S,12.910,900
1497,59,2025-10-15,2025-10-15 13:16:15,000965.SZ,S,4.280,100
1498,58,2025-10-15,2025-10-15 13:13:30,600157.SH,S,1.670,1300
1499,59,2025-10-15,2025-10-15 13:13:30,600022.SH,S,1.620,400
1500,61,2025-10-15,2025-10-15 13:13:30,600022.SH,B,1.630,100
1501,61,2025-10-15,2025-10-15 13:13:30,000523.SZ,B,3.170,100
1502,52,2025-10-15,2025-10-15 13:13:30,600157.SH,S,1.670,300
1503,63,2025-10-15,2025-10-15 13:13:14,601600.SH,B,8.660,400
1504,59,2025-10-15,2025-10-15 13:13:08,600186.SH,S,5.860,100
1505,58,2025-10-15,2025-10-15 13:13:07,000558.SZ,B,5.220,3000
1506,61,2025-10-15,2025-10-15 13:13:01,000989.SZ,B,9.900,100
1507,61,2025-10-15,2025-10-15 13:13:00,000534.SZ,B,15.870,100
1508,61,2025-10-15,2025-10-15 13:13:00,000534.SZ,B,15.870,400
1509,58,2025-10-15,2025-10-15 13:12:58,603527.SH,S,11.560,300
1510,61,2025-10-15,2025-10-15 13:12:49,601828.SH,B,2.820,100
1511,61,2025-10-15,2025-10-15 13:12:48,000718.SZ,B,2.670,100
1512,59,2025-10-15,2025-10-15 13:12:47,600157.SH,S,1.670,900
1513,59,2025-10-15,2025-10-15 13:12:47,000927.SZ,S,2.680,100
1514,59,2025-10-15,2025-10-15 13:12:47,000659.SZ,S,2.790,100
1515,59,2025-10-15,2025-10-15 13:12:47,000088.SZ,S,4.460,100
1516,59,2025-10-15,2025-10-15 13:12:47,002146.SZ,S,1.610,200
1517,61,2025-10-15,2025-10-15 13:12:47,002284.SZ,S,12.870,800
1518,61,2025-10-15,2025-10-15 13:12:47,600157.SH,S,1.670,1200
1519,63,2025-10-15,2025-10-15 13:12:47,002146.SZ,S,1.610,200
1520,59,2025-10-15,2025-10-15 13:12:46,600935.SH,S,2.470,100
1521,61,2025-10-15,2025-10-15 13:12:46,601018.SH,B,3.770,100
1522,61,2025-10-15,2025-10-15 13:12:46,000927.SZ,B,2.690,100
1523,52,2025-10-15,2025-10-15 13:04:23,601018.SH,B,3.770,100
1524,59,2025-10-15,2025-10-15 13:12:45,002172.SZ,S,4.100,100
1525,59,2025-10-15,2025-10-15 13:12:44,601975.SH,S,3.130,500
1526,59,2025-10-15,2025-10-15 13:12:43,002256.SZ,S,3.160,100
1527,59,2025-10-15,2025-10-15 13:12:38,601018.SH,S,3.770,200
1528,63,2025-10-15,2025-10-15 13:12:38,601018.SH,S,3.770,200
1529,61,2025-10-15,2025-10-15 13:12:33,001330.SZ,B,5.400,100
1530,61,2025-10-15,2025-10-15 13:12:12,600248.SH,B,3.930,100
1531,63,2025-10-15,2025-10-15 13:11:43,600711.SH,S,11.030,400
1532,59,2025-10-15,2025-10-15 13:11:15,002390.SZ,S,3.730,100
1533,59,2025-10-15,2025-10-15 13:10:52,300164.SZ,S,5.680,100
1534,59,2025-10-15,2025-10-15 13:10:51,001330.SZ,S,5.400,100
1535,61,2025-10-15,2025-10-15 13:10:36,300761.SZ,B,22.900,200
1536,52,2025-10-15,2025-10-15 13:10:23,600015.SH,B,6.750,100
1537,61,2025-10-15,2025-10-15 13:10:19,603527.SH,S,11.570,100
1538,61,2025-10-15,2025-10-15 13:10:19,603527.SH,S,11.570,200
1539,52,2025-10-15,2025-10-15 13:03:11,002418.SZ,B,4.460,100
1540,59,2025-10-15,2025-10-15 13:09:58,601778.SH,S,3.710,100
1541,61,2025-10-15,2025-10-15 13:09:47,603308.SH,B,34.410,100
1542,59,2025-10-15,2025-10-15 13:09:23,603283.SH,S,44.900,100
1543,61,2025-10-15,2025-10-15 13:09:17,300486.SZ,S,18.960,100
1544,59,2025-10-15,2025-10-15 13:09:15,000530.SZ,S,6.350,100
1545,59,2025-10-15,2025-10-15 13:09:08,300145.SZ,S,4.580,100
1546,63,2025-10-15,2025-10-15 13:08:55,002409.SZ,S,74.560,100
1547,59,2025-10-15,2025-10-15 13:08:50,300043.SZ,S,6.540,100
1548,59,2025-10-15,2025-10-15 13:08:32,601113.SH,S,4.380,200
1549,61,2025-10-15,2025-10-15 13:08:28,600675.SH,B,2.940,100
1550,59,2025-10-15,2025-10-15 13:08:24,300009.SZ,S,10.450,100
1551,59,2025-10-15,2025-10-15 13:08:23,300511.SZ,S,6.770,100
1552,59,2025-10-15,2025-10-15 13:08:21,600675.SH,S,2.940,100
1553,59,2025-10-15,2025-10-15 13:08:18,002627.SZ,S,5.910,100
1554,59,2025-10-15,2025-10-15 13:08:16,601065.SH,S,8.400,200
1555,63,2025-10-15,2025-10-15 13:08:11,300486.SZ,B,18.980,800
1556,59,2025-10-15,2025-10-15 13:08:08,300773.SZ,S,24.170,200
1557,59,2025-10-15,2025-10-15 13:08:03,600688.SH,S,2.740,100
1558,59,2025-10-15,2025-10-15 13:08:02,002748.SZ,S,10.390,1
1559,59,2025-10-15,2025-10-15 13:08:02,002748.SZ,S,10.390,99
1560,61,2025-10-15,2025-10-15 13:08:00,002292.SZ,B,8.690,100
1561,52,2025-10-15,2025-10-15 13:01:22,600675.SH,S,2.940,100
1562,59,2025-10-15,2025-10-15 13:07:40,601311.SH,S,11.050,100
1563,59,2025-10-15,2025-10-15 13:07:23,002905.SZ,S,10.160,100
1564,61,2025-10-15,2025-10-15 13:07:19,000031.SZ,B,3.180,100
1565,52,2025-10-15,2025-10-15 13:05:06,601818.SH,S,3.410,100
1566,61,2025-10-15,2025-10-15 13:07:14,300761.SZ,B,22.870,200
1567,61,2025-10-15,2025-10-15 13:07:12,002276.SZ,S,17.830,100
1568,61,2025-10-15,2025-10-15 13:07:12,300705.SZ,B,17.170,100
1569,59,2025-10-15,2025-10-15 13:07:05,601992.SH,S,1.810,100
1570,61,2025-10-15,2025-10-15 13:07:05,600057.SH,B,7.770,100
1571,59,2025-10-15,2025-10-15 13:07:04,002492.SZ,S,8.100,100
1572,59,2025-10-15,2025-10-15 13:07:04,002015.SZ,S,11.190,100
1573,61,2025-10-15,2025-10-15 13:07:04,002483.SZ,S,7.250,100
1574,58,2025-10-15,2025-10-15 13:07:00,002418.SZ,B,4.470,1000
1575,59,2025-10-15,2025-10-15 13:07:00,002392.SZ,S,9.910,400
1576,59,2025-10-15,2025-10-15 13:07:00,600733.SH,S,7.840,200
1577,61,2025-10-15,2025-10-15 13:07:00,002392.SZ,S,9.910,600
1578,59,2025-10-15,2025-10-15 13:06:59,603920.SH,S,40.590,100
1579,59,2025-10-15,2025-10-15 13:06:58,600623.SH,S,8.940,100
1580,59,2025-10-15,2025-10-15 13:06:57,002420.SZ,S,8.010,100
1581,61,2025-10-15,2025-10-15 13:06:44,603308.SH,B,34.630,100
1582,52,2025-10-15,2025-10-15 13:06:43,000987.SZ,B,8.170,100
1583,59,2025-10-15,2025-10-15 13:06:41,002506.SZ,S,2.600,300
1584,59,2025-10-15,2025-10-15 13:06:41,002303.SZ,S,4.480,100
1585,59,2025-10-15,2025-10-15 13:06:34,600721.SH,S,9.110,100
1586,61,2025-10-15,2025-10-15 13:06:33,603508.SH,B,32.460,100
1587,61,2025-10-15,2025-10-15 13:06:32,300098.SZ,B,5.550,100
1588,59,2025-10-15,2025-10-15 13:06:30,600169.SH,S,2.700,300
1589,59,2025-10-15,2025-10-15 13:06:29,300217.SZ,S,5.340,100
1590,59,2025-10-15,2025-10-15 13:06:29,000875.SZ,S,6.010,100
1591,59,2025-10-15,2025-10-15 13:06:25,600178.SH,S,13.120,100
1592,58,2025-10-15,2025-10-15 13:06:25,002418.SZ,B,4.470,800
1593,59,2025-10-15,2025-10-15 13:06:23,300079.SZ,S,5.760,100
1594,58,2025-10-15,2025-10-15 13:06:23,002418.SZ,B,4.470,100
1595,59,2025-10-15,2025-10-15 13:06:22,603158.SH,S,10.340,100
1596,59,2025-10-15,2025-10-15 13:06:22,300180.SZ,S,7.480,100
1597,59,2025-10-15,2025-10-15 13:06:21,300222.SZ,S,13.280,100
1598,61,2025-10-15,2025-10-15 13:06:21,300222.SZ,S,13.280,100
1599,59,2025-10-15,2025-10-15 13:06:19,000090.SZ,S,3.740,300
1600,59,2025-10-15,2025-10-15 13:06:19,600256.SH,S,5.290,100
1601,59,2025-10-15,2025-10-15 13:06:14,601618.SH,S,3.880,200
1602,59,2025-10-15,2025-10-15 13:06:14,002321.SZ,S,2.870,100
1603,61,2025-10-15,2025-10-15 13:06:14,300593.SZ,S,20.010,200
1604,59,2025-10-15,2025-10-15 13:06:13,002354.SZ,S,6.700,100
1605,59,2025-10-15,2025-10-15 13:06:10,300593.SZ,S,20.010,100
1606,59,2025-10-15,2025-10-15 13:06:07,002552.SZ,S,17.250,100
1607,58,2025-10-15,2025-10-15 13:06:00,000965.SZ,S,4.290,500
1608,59,2025-10-15,2025-10-15 13:06:00,000965.SZ,S,4.290,200
1609,59,2025-10-15,2025-10-15 13:06:00,002145.SZ,S,5.760,100
1610,61,2025-10-15,2025-10-15 13:06:00,000965.SZ,S,4.290,600
1611,52,2025-10-15,2025-10-15 13:01:22,000965.SZ,S,4.290,100
1612,58,2025-10-15,2025-10-15 13:05:57,002418.SZ,B,4.470,7000
1613,59,2025-10-15,2025-10-15 13:05:57,300769.SZ,S,41.740,100
1614,52,2025-10-15,2025-10-15 13:05:34,300761.SZ,B,22.880,100
1615,59,2025-10-15,2025-10-15 13:05:45,000718.SZ,S,2.680,100
1616,63,2025-10-15,2025-10-15 13:05:44,000975.SZ,B,23.710,400
1617,52,2025-10-15,2025-10-15 13:03:21,000558.SZ,B,5.220,100
1618,59,2025-10-15,2025-10-15 13:05:37,600684.SH,S,5.750,100
1619,59,2025-10-15,2025-10-15 13:05:35,002624.SZ,S,17.210,100
1620,52,2025-10-15,2025-10-15 13:05:35,600905.SH,B,4.300,100
1621,52,2025-10-15,2025-10-15 13:05:35,002246.SZ,S,20.780,200
1622,59,2025-10-15,2025-10-15 13:05:27,002426.SZ,S,3.260,100
1623,59,2025-10-15,2025-10-15 13:05:27,600239.SH,S,2.580,300
1624,52,2025-10-15,2025-10-15 13:04:35,002701.SZ,B,6.460,100
1625,59,2025-10-15,2025-10-15 13:05:18,600742.SH,S,9.730,100
1626,59,2025-10-15,2025-10-15 13:05:17,600180.SH,S,4.740,100
1627,52,2025-10-15,2025-10-15 13:05:16,300129.SZ,S,8.410,100
1628,63,2025-10-15,2025-10-15 13:05:15,002409.SZ,S,74.480,100
1629,63,2025-10-15,2025-10-15 13:05:15,600025.SH,S,9.660,200
1630,59,2025-10-15,2025-10-15 13:05:12,002204.SZ,S,6.530,100
1631,59,2025-10-15,2025-10-15 13:05:11,600497.SH,S,6.840,100
1632,59,2025-10-15,2025-10-15 13:05:01,001258.SZ,S,7.450,100
1633,52,2025-10-15,2025-10-15 13:02:51,603216.SH,B,17.440,100
1634,58,2025-10-15,2025-10-15 13:04:56,301248.SZ,S,25.980,100
1635,59,2025-10-15,2025-10-15 13:04:54,603266.SH,S,23.070,100
1636,59,2025-10-15,2025-10-15 13:04:51,002759.SZ,S,23.290,200
