,fund_id,trade_dt,trade_time,s_info_windcode,direction,price,qty
0,61,2025-10-23,2025-10-23 15:00:00,001228.SZ,S,26.450,300
1,58,2025-10-23,2025-10-23 14:56:53,600537.SH,S,3.840,200
2,58,2025-10-23,2025-10-23 14:56:50,001228.SZ,S,26.460,400
3,58,2025-10-23,2025-10-23 14:56:50,001228.SZ,S,26.460,200
4,58,2025-10-23,2025-10-23 14:56:50,001228.SZ,S,26.460,200
5,58,2025-10-23,2025-10-23 14:56:50,001228.SZ,S,26.460,200
6,52,2025-10-23,2025-10-23 14:56:31,300223.SZ,B,83.320,100
7,58,2025-10-23,2025-10-23 14:56:31,300731.SZ,B,41.760,200
8,61,2025-10-23,2025-10-23 14:56:31,600221.SH,B,1.710,200
9,58,2025-10-23,2025-10-23 14:56:29,605399.SH,S,13.480,2200
10,60,2025-10-23,2025-10-23 14:56:29,002384.SZ,S,65.750,200
11,49,2025-10-23,2025-10-23 14:56:26,603329.SH,S,12.210,500
12,49,2025-10-23,2025-10-23 14:56:26,300693.SZ,B,36.180,100
13,60,2025-10-23,2025-10-23 14:56:26,603959.SH,S,6.810,600
14,61,2025-10-23,2025-10-23 14:56:26,300547.SZ,B,36.920,100
15,59,2025-10-23,2025-10-23 14:56:26,603329.SH,S,12.210,500
16,52,2025-10-23,2025-10-23 14:56:26,002237.SZ,S,13.000,300
17,58,2025-10-23,2025-10-23 14:56:24,300731.SZ,B,41.770,100
18,61,2025-10-23,2025-10-23 14:56:25,002053.SZ,S,12.770,100
19,61,2025-10-23,2025-10-23 14:56:25,002053.SZ,S,12.770,400
20,52,2025-10-23,2025-10-23 14:56:21,001228.SZ,S,26.540,200
21,61,2025-10-23,2025-10-23 14:56:24,300302.SZ,B,20.620,3100
22,52,2025-10-23,2025-10-23 14:56:21,001228.SZ,S,26.540,200
23,49,2025-10-23,2025-10-23 14:56:24,603329.SH,S,12.210,200
24,58,2025-10-23,2025-10-23 14:56:21,300731.SZ,B,41.770,100
25,60,2025-10-23,2025-10-23 14:56:22,002380.SZ,S,30.200,400
26,61,2025-10-23,2025-10-23 14:56:22,002380.SZ,S,30.200,400
27,49,2025-10-23,2025-10-23 14:56:22,002380.SZ,S,30.200,200
28,61,2025-10-23,2025-10-23 14:56:22,603329.SH,S,12.200,1100
29,59,2025-10-23,2025-10-23 14:56:22,002380.SZ,S,30.200,200
30,60,2025-10-23,2025-10-23 14:56:21,603329.SH,S,12.210,400
31,52,2025-10-23,2025-10-23 14:56:21,300302.SZ,B,20.620,900
32,52,2025-10-23,2025-10-23 14:56:20,603316.SH,S,13.650,500
33,52,2025-10-23,2025-10-23 14:56:20,605399.SH,S,13.490,600
34,52,2025-10-23,2025-10-23 14:56:20,002638.SZ,B,2.810,100
35,61,2025-10-23,2025-10-23 14:56:19,001228.SZ,S,26.550,200
36,61,2025-10-23,2025-10-23 14:56:19,001228.SZ,S,26.550,500
37,61,2025-10-23,2025-10-23 14:56:19,001228.SZ,S,26.550,200
38,61,2025-10-23,2025-10-23 14:56:19,300680.SZ,B,53.140,100
39,61,2025-10-23,2025-10-23 14:56:19,300680.SZ,B,53.140,100
40,61,2025-10-23,2025-10-23 14:56:19,300680.SZ,B,53.140,100
41,52,2025-10-23,2025-10-23 14:56:19,603773.SH,B,30.250,100
42,52,2025-10-23,2025-10-23 14:56:19,300680.SZ,B,53.140,100
43,52,2025-10-23,2025-10-23 14:56:19,002206.SZ,S,6.210,200
44,58,2025-10-23,2025-10-23 14:56:19,600337.SH,S,2.330,200
45,60,2025-10-23,2025-10-23 14:56:18,001330.SZ,S,6.190,1300
46,60,2025-10-23,2025-10-23 14:56:18,300115.SZ,B,35.230,100
47,52,2025-10-23,2025-10-23 14:56:18,301518.SZ,B,32.570,100
48,58,2025-10-23,2025-10-23 14:56:17,002237.SZ,S,13.000,300
49,58,2025-10-23,2025-10-23 14:56:17,603685.SH,S,19.190,100
50,58,2025-10-23,2025-10-23 14:56:16,002053.SZ,S,12.770,200
51,58,2025-10-23,2025-10-23 14:56:16,002053.SZ,S,12.770,100
52,61,2025-10-23,2025-10-23 14:56:17,002518.SZ,B,37.560,200
53,58,2025-10-23,2025-10-23 14:56:15,002518.SZ,B,37.560,400
54,61,2025-10-23,2025-10-23 14:56:17,001228.SZ,S,26.570,100
55,61,2025-10-23,2025-10-23 14:56:16,001228.SZ,S,26.570,400
56,52,2025-10-23,2025-10-23 14:56:16,603329.SH,S,12.210,600
57,58,2025-10-23,2025-10-23 14:56:14,001228.SZ,S,26.590,300
58,58,2025-10-23,2025-10-23 14:56:14,300541.SZ,S,16.230,100
59,60,2025-10-23,2025-10-23 14:56:15,002380.SZ,S,30.200,200
60,60,2025-10-23,2025-10-23 14:56:15,002380.SZ,S,30.200,200
61,49,2025-10-23,2025-10-23 14:56:15,603329.SH,S,12.200,200
62,49,2025-10-23,2025-10-23 14:56:15,002380.SZ,S,30.200,200
63,61,2025-10-23,2025-10-23 14:56:15,002380.SZ,S,30.200,400
64,61,2025-10-23,2025-10-23 14:56:15,688428.SH,B,21.970,235
65,49,2025-10-23,2025-10-23 14:56:15,603329.SH,S,12.200,600
66,60,2025-10-23,2025-10-23 14:56:15,603329.SH,S,12.200,400
67,59,2025-10-23,2025-10-23 14:56:15,603329.SH,S,12.200,600
68,59,2025-10-23,2025-10-23 14:56:15,002380.SZ,S,30.200,200
69,52,2025-10-23,2025-10-23 14:56:15,600795.SH,B,5.200,100
70,52,2025-10-23,2025-10-23 14:56:15,002518.SZ,B,37.530,100
71,52,2025-10-23,2025-10-23 14:56:15,300450.SZ,B,53.930,100
72,52,2025-10-23,2025-10-23 14:56:15,000757.SZ,S,5.820,100
73,52,2025-10-23,2025-10-23 14:56:15,300680.SZ,B,53.140,100
74,61,2025-10-23,2025-10-23 14:56:14,601777.SH,S,11.130,1400
75,52,2025-10-23,2025-10-23 14:56:14,605399.SH,S,13.490,700
76,52,2025-10-23,2025-10-23 14:56:14,603316.SH,S,13.650,500
77,52,2025-10-23,2025-10-23 14:56:14,605099.SH,B,32.080,100
78,52,2025-10-23,2025-10-23 14:56:12,002380.SZ,S,30.200,100
79,58,2025-10-23,2025-10-23 14:56:11,300444.SZ,S,8.210,500
80,49,2025-10-23,2025-10-23 14:56:12,601777.SH,S,11.130,800
81,60,2025-10-23,2025-10-23 14:56:12,601777.SH,S,11.130,700
82,59,2025-10-23,2025-10-23 14:56:12,601777.SH,S,11.130,700
83,49,2025-10-23,2025-10-23 14:56:11,001228.SZ,S,26.590,500
84,60,2025-10-23,2025-10-23 14:56:10,300223.SZ,B,83.360,100
85,60,2025-10-23,2025-10-23 14:56:10,002594.SZ,S,103.670,100
86,60,2025-10-23,2025-10-23 14:56:09,601939.SH,S,9.350,147
87,60,2025-10-23,2025-10-23 14:56:09,601939.SH,S,9.350,700
88,60,2025-10-23,2025-10-23 14:56:09,601939.SH,S,9.350,600
89,60,2025-10-23,2025-10-23 14:56:09,601939.SH,S,9.350,100
90,60,2025-10-23,2025-10-23 14:56:09,601939.SH,S,9.350,53
91,58,2025-10-23,2025-10-23 14:56:06,002219.SZ,B,2.380,100
92,61,2025-10-23,2025-10-23 14:56:08,603773.SH,B,30.270,200
93,49,2025-10-23,2025-10-23 14:56:08,603773.SH,B,30.270,100
94,52,2025-10-23,2025-10-23 14:56:06,600533.SH,B,2.980,100
95,58,2025-10-23,2025-10-23 14:56:05,601598.SH,S,6.200,200
96,58,2025-10-23,2025-10-23 14:56:05,603316.SH,S,13.660,100
97,58,2025-10-23,2025-10-23 14:56:05,603316.SH,S,13.660,500
98,58,2025-10-23,2025-10-23 14:56:05,603316.SH,S,13.660,500
99,58,2025-10-23,2025-10-23 14:56:05,603316.SH,S,13.660,200
100,60,2025-10-23,2025-10-23 14:56:02,002831.SZ,S,26.320,500
101,58,2025-10-23,2025-10-23 14:56:00,300680.SZ,B,53.130,200
102,58,2025-10-23,2025-10-23 14:56:00,300680.SZ,B,53.130,100
103,49,2025-10-23,2025-10-23 14:55:58,002506.SZ,S,2.480,100
104,52,2025-10-23,2025-10-23 14:55:55,300418.SZ,B,41.090,100
105,58,2025-10-23,2025-10-23 14:55:49,002506.SZ,B,2.480,100
106,58,2025-10-23,2025-10-23 14:55:41,002380.SZ,S,30.200,600
107,61,2025-10-23,2025-10-23 14:55:37,000762.SZ,S,24.370,300
108,61,2025-10-23,2025-10-23 14:55:36,300548.SZ,B,98.740,200
109,60,2025-10-23,2025-10-23 14:55:29,300302.SZ,B,20.670,200
110,49,2025-10-23,2025-10-23 14:55:29,300302.SZ,B,20.670,100
111,60,2025-10-23,2025-10-23 14:55:28,002701.SZ,S,6.130,900
112,60,2025-10-23,2025-10-23 14:55:28,002701.SZ,S,6.130,2200
113,61,2025-10-23,2025-10-23 14:55:28,002701.SZ,S,6.130,800
114,49,2025-10-23,2025-10-23 14:55:28,002701.SZ,S,6.130,400
115,60,2025-10-23,2025-10-23 14:55:28,600470.SH,S,6.100,2600
116,61,2025-10-23,2025-10-23 14:55:27,300952.SZ,B,31.960,200
117,61,2025-10-23,2025-10-23 14:55:28,600470.SH,S,6.100,1500
118,60,2025-10-23,2025-10-23 14:55:26,300302.SZ,B,20.670,200
119,59,2025-10-23,2025-10-23 14:55:26,300302.SZ,B,20.670,700
120,61,2025-10-23,2025-10-23 14:55:25,300680.SZ,B,53.120,100
121,60,2025-10-23,2025-10-23 14:55:25,300302.SZ,B,20.670,1300
122,49,2025-10-23,2025-10-23 14:55:24,300302.SZ,B,20.670,200
123,60,2025-10-23,2025-10-23 14:55:24,300302.SZ,B,20.670,100
124,49,2025-10-23,2025-10-23 14:55:23,300302.SZ,B,20.670,100
125,60,2025-10-23,2025-10-23 14:55:23,002532.SZ,S,12.940,800
126,49,2025-10-23,2025-10-23 14:55:22,300302.SZ,B,20.670,300
127,61,2025-10-23,2025-10-23 14:55:16,002518.SZ,B,37.620,100
128,58,2025-10-23,2025-10-23 14:55:11,002484.SZ,B,29.120,500
129,59,2025-10-23,2025-10-23 14:55:09,605399.SH,S,13.500,500
130,52,2025-10-23,2025-10-23 14:54:55,603633.SH,B,10.490,100
131,61,2025-10-23,2025-10-23 14:55:08,000957.SZ,S,12.550,100
132,61,2025-10-23,2025-10-23 14:55:07,603077.SH,B,2.120,400
133,49,2025-10-23,2025-10-23 14:55:07,603077.SH,B,2.120,100
134,52,2025-10-23,2025-10-23 14:46:18,603077.SH,B,2.120,100
135,58,2025-10-23,2025-10-23 14:55:06,601777.SH,S,11.150,1300
136,52,2025-10-23,2025-10-23 14:55:04,601777.SH,S,11.150,500
137,49,2025-10-23,2025-10-23 14:55:00,300952.SZ,B,31.960,100
138,60,2025-10-23,2025-10-23 14:54:59,300302.SZ,B,20.690,317
139,49,2025-10-23,2025-10-23 14:54:59,300302.SZ,B,20.690,300
140,60,2025-10-23,2025-10-23 14:54:59,300302.SZ,B,20.690,383
141,60,2025-10-23,2025-10-23 14:54:59,300302.SZ,B,20.690,300
142,58,2025-10-23,2025-10-23 14:54:59,688306.SH,B,12.220,700
143,59,2025-10-23,2025-10-23 14:54:57,300302.SZ,B,20.680,900
144,61,2025-10-23,2025-10-23 14:54:53,300490.SZ,B,11.420,300
145,60,2025-10-23,2025-10-23 14:54:52,300450.SZ,B,54.000,200
146,60,2025-10-23,2025-10-23 14:54:50,600699.SH,B,31.510,1000
147,60,2025-10-23,2025-10-23 14:54:48,300302.SZ,B,20.670,400
148,61,2025-10-23,2025-10-23 14:54:48,300302.SZ,B,20.670,400
149,49,2025-10-23,2025-10-23 14:54:48,300302.SZ,B,20.670,400
150,59,2025-10-23,2025-10-23 14:54:48,300302.SZ,B,20.670,400
151,60,2025-10-23,2025-10-23 14:54:47,002631.SZ,S,5.540,700
152,61,2025-10-23,2025-10-23 14:54:34,300418.SZ,B,41.020,100
153,60,2025-10-23,2025-10-23 14:54:34,300418.SZ,B,41.020,500
154,58,2025-10-23,2025-10-23 14:54:34,300418.SZ,B,41.020,100
155,58,2025-10-23,2025-10-23 14:54:32,300153.SZ,B,32.770,200
156,58,2025-10-23,2025-10-23 14:54:32,300153.SZ,B,32.770,100
157,58,2025-10-23,2025-10-23 14:54:28,603329.SH,S,12.220,800
158,61,2025-10-23,2025-10-23 14:54:27,605399.SH,S,13.490,1400
159,49,2025-10-23,2025-10-23 14:54:27,605399.SH,S,13.490,700
160,60,2025-10-23,2025-10-23 14:54:27,605399.SH,S,13.490,1400
161,58,2025-10-23,2025-10-23 14:54:27,603329.SH,S,12.220,300
162,59,2025-10-23,2025-10-23 14:54:22,600496.SH,B,4.080,1100
163,49,2025-10-23,2025-10-23 14:54:22,300548.SZ,B,98.740,100
164,61,2025-10-23,2025-10-23 14:54:20,601777.SH,S,11.150,300
165,61,2025-10-23,2025-10-23 14:54:16,002248.SZ,S,11.000,100
166,59,2025-10-23,2025-10-23 14:54:16,002248.SZ,S,11.000,100
167,58,2025-10-23,2025-10-23 14:54:05,002701.SZ,S,6.120,490
168,58,2025-10-23,2025-10-23 14:54:05,002701.SZ,S,6.120,400
169,58,2025-10-23,2025-10-23 14:54:05,002701.SZ,S,6.120,10
170,58,2025-10-23,2025-10-23 14:54:03,603588.SH,S,7.500,700
171,52,2025-10-23,2025-10-23 14:53:43,002911.SZ,B,12.150,100
172,58,2025-10-23,2025-10-23 14:53:58,301316.SZ,B,50.740,100
173,58,2025-10-23,2025-10-23 14:53:58,601968.SH,S,5.420,200
174,58,2025-10-23,2025-10-23 14:53:52,002053.SZ,S,12.800,300
175,58,2025-10-23,2025-10-23 14:53:46,300382.SZ,B,13.820,300
176,58,2025-10-23,2025-10-23 14:53:39,002637.SZ,S,10.910,400
177,60,2025-10-23,2025-10-23 14:53:31,600676.SH,S,6.850,700
178,52,2025-10-23,2025-10-23 14:53:28,601689.SH,B,68.620,100
179,61,2025-10-23,2025-10-23 14:53:23,300444.SZ,B,8.210,400
180,61,2025-10-23,2025-10-23 14:53:22,300444.SZ,B,8.210,1000
181,52,2025-10-23,2025-10-23 14:53:21,603329.SH,S,12.220,300
182,61,2025-10-23,2025-10-23 14:53:20,300055.SZ,B,7.120,200
183,61,2025-10-23,2025-10-23 14:53:19,300444.SZ,B,8.210,700
184,60,2025-10-23,2025-10-23 14:53:10,603316.SH,S,13.640,3400
185,49,2025-10-23,2025-10-23 14:53:09,603316.SH,S,13.640,500
186,60,2025-10-23,2025-10-23 14:53:02,600010.SH,S,2.640,300
187,60,2025-10-23,2025-10-23 14:53:02,600010.SH,S,2.640,300
188,58,2025-10-23,2025-10-23 14:53:02,600496.SH,S,4.100,100
189,52,2025-10-23,2025-10-23 14:52:46,603817.SH,S,6.830,500
190,60,2025-10-23,2025-10-23 14:52:55,300450.SZ,B,54.030,200
191,59,2025-10-23,2025-10-23 14:52:46,002627.SZ,S,6.110,100
192,58,2025-10-23,2025-10-23 14:52:45,002627.SZ,S,6.110,100
193,58,2025-10-23,2025-10-23 14:52:44,300490.SZ,B,11.430,700
194,52,2025-10-23,2025-10-23 14:52:42,002131.SZ,S,4.900,200
195,61,2025-10-23,2025-10-23 14:52:34,603316.SH,S,13.630,1300
196,61,2025-10-23,2025-10-23 14:52:32,000630.SZ,B,5.500,200
197,58,2025-10-23,2025-10-23 14:52:23,603773.SH,B,30.300,300
198,58,2025-10-23,2025-10-23 14:52:23,600470.SH,S,6.100,2700
199,52,2025-10-23,2025-10-23 14:52:15,002701.SZ,S,6.120,400
200,59,2025-10-23,2025-10-23 14:52:11,002701.SZ,S,6.120,300
201,61,2025-10-23,2025-10-23 14:52:09,300647.SZ,S,6.800,100
202,58,2025-10-23,2025-10-23 14:52:02,600868.SH,B,2.980,100
203,60,2025-10-23,2025-10-23 14:51:59,600183.SH,B,55.750,400
204,60,2025-10-23,2025-10-23 14:51:54,601689.SH,B,68.590,100
205,60,2025-10-23,2025-10-23 14:51:54,601689.SH,B,68.590,200
206,49,2025-10-23,2025-10-23 14:51:51,300731.SZ,B,41.760,300
207,60,2025-10-23,2025-10-23 14:51:49,002831.SZ,S,26.320,200
208,58,2025-10-23,2025-10-23 14:51:46,603959.SH,S,6.830,100
209,61,2025-10-23,2025-10-23 14:51:45,300570.SZ,B,100.950,200
210,49,2025-10-23,2025-10-23 14:51:46,603959.SH,S,6.830,100
211,52,2025-10-23,2025-10-23 14:51:36,603959.SH,S,6.830,100
212,61,2025-10-23,2025-10-23 14:51:44,300693.SZ,B,36.180,400
213,58,2025-10-23,2025-10-23 14:51:33,601689.SH,B,68.600,100
214,60,2025-10-23,2025-10-23 14:51:30,300115.SZ,B,35.310,300
215,60,2025-10-23,2025-10-23 14:51:28,300450.SZ,B,54.040,100
216,58,2025-10-23,2025-10-23 14:51:18,002364.SZ,S,25.990,100
217,52,2025-10-23,2025-10-23 14:51:15,300731.SZ,B,41.710,100
218,52,2025-10-23,2025-10-23 14:51:14,000987.SZ,B,8.350,100
219,52,2025-10-23,2025-10-23 14:51:11,002380.SZ,S,30.180,200
220,60,2025-10-23,2025-10-23 14:51:10,003010.SZ,S,41.510,100
221,49,2025-10-23,2025-10-23 14:51:09,603300.SH,S,7.120,100
222,49,2025-10-23,2025-10-23 14:51:09,601975.SH,S,3.230,100
223,52,2025-10-23,2025-10-23 14:51:08,300115.SZ,B,35.320,100
224,61,2025-10-23,2025-10-23 14:51:02,688306.SH,B,12.210,200
225,61,2025-10-23,2025-10-23 14:51:02,601618.SH,B,3.680,200
226,60,2025-10-23,2025-10-23 14:50:56,603839.SH,S,9.370,600
227,58,2025-10-23,2025-10-23 14:50:55,300952.SZ,B,32.010,100
228,59,2025-10-23,2025-10-23 14:50:55,300302.SZ,B,20.650,300
229,52,2025-10-23,2025-10-23 14:50:51,002129.SZ,S,8.790,100
230,61,2025-10-23,2025-10-23 14:50:52,603329.SH,S,12.230,1700
231,49,2025-10-23,2025-10-23 14:50:52,300302.SZ,B,20.650,300
232,58,2025-10-23,2025-10-23 14:50:49,600103.SH,S,3.620,200
233,60,2025-10-23,2025-10-23 14:50:48,300302.SZ,B,20.650,400
234,61,2025-10-23,2025-10-23 14:50:48,300302.SZ,B,20.650,400
235,52,2025-10-23,2025-10-23 14:50:48,300115.SZ,B,35.390,100
236,49,2025-10-23,2025-10-23 14:50:47,603588.SH,S,7.500,500
237,61,2025-10-23,2025-10-23 14:50:47,603588.SH,S,7.500,1000
238,59,2025-10-23,2025-10-23 14:50:47,603588.SH,S,7.500,300
239,52,2025-10-23,2025-10-23 14:50:40,603588.SH,S,7.500,200
240,49,2025-10-23,2025-10-23 14:50:42,300444.SZ,S,8.230,300
241,58,2025-10-23,2025-10-23 14:50:42,000751.SZ,S,3.930,200
242,52,2025-10-23,2025-10-23 14:50:41,603359.SH,S,8.730,100
243,49,2025-10-23,2025-10-23 14:50:39,603579.SH,B,30.840,100
244,60,2025-10-23,2025-10-23 14:50:37,000010.SZ,S,3.980,800
245,58,2025-10-23,2025-10-23 14:50:37,000973.SZ,S,7.490,500
246,52,2025-10-23,2025-10-23 14:50:36,000973.SZ,S,7.490,300
247,49,2025-10-23,2025-10-23 14:50:36,000060.SZ,B,5.630,100
248,58,2025-10-23,2025-10-23 14:50:34,000957.SZ,S,12.570,100
249,49,2025-10-23,2025-10-23 14:50:34,002662.SZ,S,3.850,100
250,58,2025-10-23,2025-10-23 14:50:34,002662.SZ,S,3.850,200
251,52,2025-10-23,2025-10-23 14:46:18,002662.SZ,S,3.850,100
252,49,2025-10-23,2025-10-23 14:50:32,300457.SZ,B,31.080,100
253,60,2025-10-23,2025-10-23 14:50:32,603421.SH,S,7.480,600
254,60,2025-10-23,2025-10-23 14:50:30,600868.SH,S,2.990,1600
255,58,2025-10-23,2025-10-23 14:50:27,603063.SH,B,31.480,100
256,60,2025-10-23,2025-10-23 14:50:28,603959.SH,S,6.830,900
257,61,2025-10-23,2025-10-23 14:50:27,688306.SH,B,12.220,1307
258,61,2025-10-23,2025-10-23 14:50:26,300490.SZ,B,11.440,100
259,49,2025-10-23,2025-10-23 14:50:26,300490.SZ,B,11.440,300
260,61,2025-10-23,2025-10-23 14:50:26,300490.SZ,B,11.440,300
261,61,2025-10-23,2025-10-23 14:50:24,688306.SH,B,12.210,400
262,58,2025-10-23,2025-10-23 14:50:19,688306.SH,B,12.220,101
263,58,2025-10-23,2025-10-23 14:50:19,688306.SH,B,12.220,499
264,58,2025-10-23,2025-10-23 14:50:22,002463.SZ,B,68.050,100
265,61,2025-10-23,2025-10-23 14:50:21,002269.SZ,B,2.380,200
266,58,2025-10-23,2025-10-23 14:50:21,300418.SZ,B,41.130,200
267,58,2025-10-23,2025-10-23 14:50:20,300548.SZ,B,99.000,100
268,49,2025-10-23,2025-10-23 14:50:20,000973.SZ,S,7.490,400
269,60,2025-10-23,2025-10-23 14:50:20,603316.SH,S,13.650,700
270,60,2025-10-23,2025-10-23 14:50:20,603316.SH,S,13.650,400
271,61,2025-10-23,2025-10-23 14:50:20,300680.SZ,B,52.960,200
272,61,2025-10-23,2025-10-23 14:50:20,000973.SZ,S,7.490,700
273,60,2025-10-23,2025-10-23 14:50:20,603316.SH,S,13.650,400
274,59,2025-10-23,2025-10-23 14:50:20,000973.SZ,S,7.490,300
275,59,2025-10-23,2025-10-23 14:50:20,603316.SH,S,13.650,700
276,52,2025-10-23,2025-10-23 14:50:20,300302.SZ,B,20.660,1100
277,61,2025-10-23,2025-10-23 14:50:17,300547.SZ,B,36.910,100
278,61,2025-10-23,2025-10-23 14:50:17,300547.SZ,B,36.910,200
279,58,2025-10-23,2025-10-23 14:50:18,603329.SH,S,12.230,500
280,52,2025-10-23,2025-10-23 14:50:09,002053.SZ,S,12.810,100
281,61,2025-10-23,2025-10-23 14:50:14,603316.SH,S,13.650,400
282,49,2025-10-23,2025-10-23 14:50:14,603316.SH,S,13.650,200
283,58,2025-10-23,2025-10-23 14:50:13,301607.SZ,S,44.070,100
284,60,2025-10-23,2025-10-23 14:50:12,001330.SZ,S,6.180,2000
285,58,2025-10-23,2025-10-23 14:50:10,601975.SH,B,3.230,100
286,59,2025-10-23,2025-10-23 14:50:07,002637.SZ,S,10.930,200
287,52,2025-10-23,2025-10-23 14:50:07,600067.SH,S,3.510,100
288,61,2025-10-23,2025-10-23 14:50:06,002637.SZ,S,10.930,500
289,49,2025-10-23,2025-10-23 14:50:06,002637.SZ,S,10.930,300
290,52,2025-10-23,2025-10-23 14:50:05,601168.SH,B,23.180,100
291,61,2025-10-23,2025-10-23 14:50:03,600337.SH,B,2.320,200
292,58,2025-10-23,2025-10-23 14:50:02,002237.SZ,S,13.020,178
293,52,2025-10-23,2025-10-23 14:50:02,300490.SZ,B,11.460,200
294,61,2025-10-23,2025-10-23 14:50:01,002478.SZ,B,6.220,200
295,49,2025-10-23,2025-10-23 14:50:01,601619.SH,B,4.460,100
296,52,2025-10-23,2025-10-23 14:50:01,601939.SH,S,9.360,100
297,58,2025-10-23,2025-10-23 14:50:01,002237.SZ,S,13.020,422
298,49,2025-10-23,2025-10-23 14:49:58,601598.SH,S,6.230,200
299,61,2025-10-23,2025-10-23 14:49:58,601598.SH,S,6.230,300
300,59,2025-10-23,2025-10-23 14:49:58,601598.SH,S,6.230,200
301,52,2025-10-23,2025-10-23 14:49:54,601598.SH,S,6.230,200
302,58,2025-10-23,2025-10-23 14:49:56,301093.SZ,B,38.690,100
303,61,2025-10-23,2025-10-23 14:49:55,603685.SH,S,19.220,200
304,49,2025-10-23,2025-10-23 14:49:55,600667.SH,S,8.500,100
305,49,2025-10-23,2025-10-23 14:49:55,603685.SH,S,19.220,100
306,60,2025-10-23,2025-10-23 14:49:54,605399.SH,S,13.480,1400
307,49,2025-10-23,2025-10-23 14:49:54,605399.SH,S,13.480,700
308,61,2025-10-23,2025-10-23 14:49:54,605399.SH,S,13.480,1500
309,59,2025-10-23,2025-10-23 14:49:54,605399.SH,S,13.480,600
310,52,2025-10-23,2025-10-23 14:49:53,603980.SH,S,5.550,100
311,61,2025-10-23,2025-10-23 14:49:52,002518.SZ,B,37.600,100
312,52,2025-10-23,2025-10-23 14:49:42,002237.SZ,S,13.010,600
313,60,2025-10-23,2025-10-23 14:49:49,600460.SH,S,30.300,100
314,58,2025-10-23,2025-10-23 14:49:49,300345.SZ,B,6.660,700
315,52,2025-10-23,2025-10-23 14:49:29,002637.SZ,S,10.930,100
316,60,2025-10-23,2025-10-23 14:49:47,300450.SZ,B,54.110,100
317,49,2025-10-23,2025-10-23 14:49:44,000630.SZ,S,5.490,100
318,61,2025-10-23,2025-10-23 14:49:44,603889.SH,S,8.140,100
319,59,2025-10-23,2025-10-23 14:49:44,603889.SH,S,8.140,100
320,61,2025-10-23,2025-10-23 14:49:42,300680.SZ,B,52.990,100
321,49,2025-10-23,2025-10-23 14:49:42,002237.SZ,S,13.010,1000
322,59,2025-10-23,2025-10-23 14:49:42,002237.SZ,S,13.010,800
323,58,2025-10-23,2025-10-23 14:49:41,002237.SZ,S,13.010,300
324,49,2025-10-23,2025-10-23 14:49:41,000778.SZ,B,3.990,100
325,61,2025-10-23,2025-10-23 14:49:40,600362.SH,S,37.060,100
326,61,2025-10-23,2025-10-23 14:49:40,300697.SZ,S,17.060,1
327,61,2025-10-23,2025-10-23 14:49:40,300697.SZ,S,17.060,99
328,61,2025-10-23,2025-10-23 14:49:40,002237.SZ,S,13.010,2000
329,52,2025-10-23,2025-10-23 14:49:39,600362.SH,S,37.050,100
330,60,2025-10-23,2025-10-23 14:49:39,601798.SH,S,9.980,600
331,60,2025-10-23,2025-10-23 14:49:37,600673.SH,B,20.470,600
332,58,2025-10-23,2025-10-23 14:49:34,601619.SH,S,4.470,100
333,58,2025-10-23,2025-10-23 14:49:35,002237.SZ,S,13.010,400
334,58,2025-10-23,2025-10-23 14:49:34,601619.SH,S,4.470,100
335,58,2025-10-23,2025-10-23 14:49:33,002622.SZ,S,3.330,200
336,58,2025-10-23,2025-10-23 14:49:31,300444.SZ,S,8.230,600
337,49,2025-10-23,2025-10-23 14:49:31,002471.SZ,S,4.900,400
338,61,2025-10-23,2025-10-23 14:49:31,002471.SZ,S,4.900,1400
339,60,2025-10-23,2025-10-23 14:49:32,300878.SZ,S,22.970,200
340,59,2025-10-23,2025-10-23 14:49:31,002471.SZ,S,4.900,500
341,52,2025-10-23,2025-10-23 14:49:30,002471.SZ,S,4.900,400
342,60,2025-10-23,2025-10-23 14:49:25,600143.SH,S,19.320,100
343,52,2025-10-23,2025-10-23 14:49:25,300444.SZ,S,8.230,300
344,52,2025-10-23,2025-10-23 14:49:25,603685.SH,S,19.220,100
345,49,2025-10-23,2025-10-23 14:49:24,688306.SH,B,12.240,756
346,52,2025-10-23,2025-10-23 14:49:24,600143.SH,S,19.320,200
347,60,2025-10-23,2025-10-23 14:49:22,603848.SH,S,21.380,100
348,60,2025-10-23,2025-10-23 14:49:22,002436.SZ,S,19.090,200
349,58,2025-10-23,2025-10-23 14:49:19,600231.SH,S,2.470,1300
350,61,2025-10-23,2025-10-23 14:49:16,688556.SH,B,10.710,264
351,61,2025-10-23,2025-10-23 14:49:16,688556.SH,B,10.710,500
352,61,2025-10-23,2025-10-23 14:49:14,002053.SZ,S,12.820,700
353,49,2025-10-23,2025-10-23 14:49:14,002053.SZ,S,12.820,600
354,59,2025-10-23,2025-10-23 14:49:14,002053.SZ,S,12.820,300
355,58,2025-10-23,2025-10-23 14:49:14,002053.SZ,S,12.820,300
356,58,2025-10-23,2025-10-23 14:49:13,603329.SH,S,12.220,600
357,58,2025-10-23,2025-10-23 14:49:13,002536.SZ,B,22.330,100
358,60,2025-10-23,2025-10-23 14:49:12,601939.SH,S,9.370,1700
359,59,2025-10-23,2025-10-23 14:49:05,300444.SZ,B,8.230,1100
360,52,2025-10-23,2025-10-23 14:48:55,300541.SZ,S,16.320,100
361,61,2025-10-23,2025-10-23 14:48:50,301518.SZ,B,32.590,200
362,61,2025-10-23,2025-10-23 14:48:49,300475.SZ,S,108.410,100
363,49,2025-10-23,2025-10-23 14:48:47,000700.SZ,B,9.270,100
364,52,2025-10-23,2025-10-23 14:46:18,000010.SZ,S,3.980,100
365,49,2025-10-23,2025-10-23 14:48:24,603063.SH,B,31.490,100
366,49,2025-10-23,2025-10-23 14:48:22,000811.SZ,B,13.320,100
367,60,2025-10-23,2025-10-23 14:48:20,300502.SZ,B,347.650,100
368,60,2025-10-23,2025-10-23 14:48:20,300223.SZ,B,83.270,200
369,49,2025-10-23,2025-10-23 14:48:19,300570.SZ,B,101.060,100
370,61,2025-10-23,2025-10-23 14:48:17,600577.SH,B,10.050,200
371,61,2025-10-23,2025-10-23 14:48:10,688428.SH,B,21.980,200
372,61,2025-10-23,2025-10-23 14:48:08,300418.SZ,B,41.120,200
373,61,2025-10-23,2025-10-23 14:48:08,300153.SZ,B,32.800,200
374,61,2025-10-23,2025-10-23 14:48:08,300418.SZ,B,41.120,100
375,61,2025-10-23,2025-10-23 14:48:07,600496.SH,B,4.090,400
376,61,2025-10-23,2025-10-23 14:48:07,600470.SH,S,6.110,3400
377,61,2025-10-23,2025-10-23 14:48:06,600470.SH,S,6.110,200
378,61,2025-10-23,2025-10-23 14:48:06,600470.SH,S,6.110,1000
379,61,2025-10-23,2025-10-23 14:48:06,600470.SH,S,6.110,500
380,49,2025-10-23,2025-10-23 14:48:06,600470.SH,S,6.110,1000
381,60,2025-10-23,2025-10-23 14:48:07,600470.SH,S,6.110,9000
382,60,2025-10-23,2025-10-23 14:48:05,300418.SZ,B,41.110,1400
383,49,2025-10-23,2025-10-23 14:48:05,300418.SZ,B,41.110,100
384,60,2025-10-23,2025-10-23 14:47:59,601208.SH,B,19.210,600
385,52,2025-10-23,2025-10-23 14:47:57,002938.SZ,B,49.960,200
386,52,2025-10-23,2025-10-23 14:47:49,600095.SH,S,12.330,100
387,49,2025-10-23,2025-10-23 14:47:50,603878.SH,B,11.290,100
388,60,2025-10-23,2025-10-23 14:47:49,002384.SZ,S,65.800,300
389,52,2025-10-23,2025-10-23 14:47:45,002384.SZ,S,65.800,100
390,58,2025-10-23,2025-10-23 14:47:47,300570.SZ,B,100.980,100
391,58,2025-10-23,2025-10-23 14:47:47,688556.SH,B,10.700,200
392,49,2025-10-23,2025-10-23 14:47:46,600496.SH,B,4.090,100
393,52,2025-10-23,2025-10-23 14:47:45,300693.SZ,B,36.170,200
394,58,2025-10-23,2025-10-23 14:47:43,600489.SH,S,22.710,100
395,58,2025-10-23,2025-10-23 14:47:39,688556.SH,B,10.710,456
396,52,2025-10-23,2025-10-23 14:47:38,300136.SZ,S,28.100,100
397,58,2025-10-23,2025-10-23 14:47:37,601616.SH,S,4.220,200
398,61,2025-10-23,2025-10-23 14:47:34,300345.SZ,B,6.630,200
399,61,2025-10-23,2025-10-23 14:47:34,300345.SZ,B,6.630,300
400,58,2025-10-23,2025-10-23 14:47:32,002484.SZ,B,29.090,700
401,61,2025-10-23,2025-10-23 14:47:31,300345.SZ,B,6.630,400
402,52,2025-10-23,2025-10-23 14:47:31,002851.SZ,B,71.150,100
403,58,2025-10-23,2025-10-23 14:47:24,600470.SH,S,6.110,2400
404,52,2025-10-23,2025-10-23 14:46:18,000751.SZ,B,3.930,100
405,61,2025-10-23,2025-10-23 14:47:20,000813.SZ,B,4.240,200
406,58,2025-10-23,2025-10-23 14:47:20,002471.SZ,S,4.900,600
407,58,2025-10-23,2025-10-23 14:47:20,002471.SZ,S,4.900,500
408,58,2025-10-23,2025-10-23 14:47:19,600470.SH,S,6.110,200
409,58,2025-10-23,2025-10-23 14:47:18,600470.SH,S,6.110,1600
410,49,2025-10-23,2025-10-23 14:47:17,000751.SZ,S,3.940,100
411,52,2025-10-23,2025-10-23 14:46:18,600496.SH,B,4.090,100
412,61,2025-10-23,2025-10-23 14:47:14,603300.SH,B,7.110,200
413,60,2025-10-23,2025-10-23 14:47:11,600676.SH,S,6.820,1800
414,61,2025-10-23,2025-10-23 14:47:10,688428.SH,B,22.020,400
415,58,2025-10-23,2025-10-23 14:47:09,688428.SH,B,22.020,545
416,61,2025-10-23,2025-10-23 14:47:03,600231.SH,S,2.470,1500
417,58,2025-10-23,2025-10-23 14:47:03,000762.SZ,S,24.380,600
418,52,2025-10-23,2025-10-23 14:46:18,600231.SH,S,2.470,1000
419,52,2025-10-23,2025-10-23 14:46:18,600231.SH,S,2.470,100
420,49,2025-10-23,2025-10-23 14:47:02,000762.SZ,S,24.370,400
421,61,2025-10-23,2025-10-23 14:47:02,000762.SZ,S,24.370,500
422,59,2025-10-23,2025-10-23 14:47:02,000762.SZ,S,24.370,300
423,52,2025-10-23,2025-10-23 14:46:57,000762.SZ,S,24.370,200
424,52,2025-10-23,2025-10-23 14:47:02,600246.SH,S,11.050,200
425,52,2025-10-23,2025-10-23 14:47:00,600509.SH,S,8.210,100
426,60,2025-10-23,2025-10-23 14:47:01,002532.SZ,S,12.920,1100
427,60,2025-10-23,2025-10-23 14:47:01,002532.SZ,S,12.920,300
428,49,2025-10-23,2025-10-23 14:47:00,000056.SZ,B,2.430,100
429,61,2025-10-23,2025-10-23 14:47:00,000056.SZ,B,2.430,200
430,52,2025-10-23,2025-10-23 14:46:57,002532.SZ,S,12.920,300
431,49,2025-10-23,2025-10-23 14:46:53,300345.SZ,B,6.610,300
432,52,2025-10-23,2025-10-23 14:46:43,300345.SZ,B,6.610,100
433,61,2025-10-23,2025-10-23 14:46:34,601908.SH,B,4.040,200
434,49,2025-10-23,2025-10-23 14:46:30,002706.SZ,B,11.050,100
435,49,2025-10-23,2025-10-23 14:46:29,300153.SZ,B,32.780,100
436,61,2025-10-23,2025-10-23 14:46:22,300541.SZ,S,16.220,100
437,49,2025-10-23,2025-10-23 14:46:21,601339.SH,B,5.760,100
438,52,2025-10-23,2025-10-23 14:46:20,300547.SZ,B,37.000,100
439,58,2025-10-23,2025-10-23 14:46:19,300693.SZ,B,36.160,200
440,58,2025-10-23,2025-10-23 14:46:19,300693.SZ,B,36.160,200
441,58,2025-10-23,2025-10-23 14:46:19,300584.SZ,B,51.720,100
442,61,2025-10-23,2025-10-23 14:46:19,688556.SH,B,10.730,200
443,59,2025-10-23,2025-10-23 14:46:18,002484.SZ,B,29.120,400
444,59,2025-10-23,2025-10-23 14:46:18,002484.SZ,B,29.120,700
445,60,2025-10-23,2025-10-23 14:46:17,600183.SH,B,55.800,600
446,60,2025-10-23,2025-10-23 14:46:17,002484.SZ,B,29.120,300
447,60,2025-10-23,2025-10-23 14:46:17,000063.SZ,B,48.290,300
448,60,2025-10-23,2025-10-23 14:46:17,002851.SZ,B,71.160,100
449,60,2025-10-23,2025-10-23 14:46:17,002463.SZ,B,68.120,300
450,61,2025-10-23,2025-10-23 14:46:17,600537.SH,B,3.840,200
451,61,2025-10-23,2025-10-23 14:46:17,300382.SZ,B,13.800,200
452,49,2025-10-23,2025-10-23 14:46:17,300693.SZ,B,36.150,200
453,49,2025-10-23,2025-10-23 14:46:17,300382.SZ,B,13.800,100
454,49,2025-10-23,2025-10-23 14:46:16,002484.SZ,B,29.120,800
455,49,2025-10-23,2025-10-23 14:46:16,301306.SZ,B,51.140,100
456,61,2025-10-23,2025-10-23 14:43:54,600170.SH,S,2.910,300
457,61,2025-10-23,2025-10-23 14:43:21,600527.SH,S,2.380,300
458,49,2025-10-23,2025-10-23 14:43:21,600527.SH,S,2.380,100
459,60,2025-10-23,2025-10-23 14:43:15,002436.SZ,B,19.120,200
460,58,2025-10-23,2025-10-23 14:43:09,002471.SZ,B,4.890,1200
461,61,2025-10-23,2025-10-23 14:43:09,002627.SZ,S,6.100,300
462,49,2025-10-23,2025-10-23 14:43:09,002627.SZ,S,6.100,300
463,52,2025-10-23,2025-10-23 14:43:09,002627.SZ,S,6.100,100
464,58,2025-10-23,2025-10-23 14:43:08,002627.SZ,S,6.100,200
465,58,2025-10-23,2025-10-23 14:43:07,600010.SH,S,2.630,100
466,52,2025-10-23,2025-10-23 14:43:07,601598.SH,B,6.230,200
467,52,2025-10-23,2025-10-23 14:43:06,300324.SZ,S,5.680,100
468,58,2025-10-23,2025-10-23 14:43:00,603316.SH,S,13.620,500
469,58,2025-10-23,2025-10-23 14:42:47,600221.SH,S,1.700,100
470,58,2025-10-23,2025-10-23 14:42:47,000056.SZ,S,2.420,100
471,49,2025-10-23,2025-10-23 14:42:46,601975.SH,B,3.240,200
472,61,2025-10-23,2025-10-23 14:42:39,603316.SH,S,13.620,300
473,52,2025-10-23,2025-10-23 14:42:11,600149.SH,S,5.790,200
474,52,2025-10-23,2025-10-23 14:38:58,301056.SZ,S,12.660,100
475,58,2025-10-23,2025-10-23 14:42:10,000048.SZ,S,16.930,100
476,58,2025-10-23,2025-10-23 14:42:06,600868.SH,S,2.980,100
477,58,2025-10-23,2025-10-23 14:41:48,600103.SH,B,3.610,300
478,61,2025-10-23,2025-10-23 14:41:38,002471.SZ,B,4.880,4200
479,61,2025-10-23,2025-10-23 14:41:38,002471.SZ,B,4.880,3700
480,58,2025-10-23,2025-10-23 14:41:34,300444.SZ,B,8.210,800
481,60,2025-10-23,2025-10-23 14:41:17,002131.SZ,S,4.880,2000
482,60,2025-10-23,2025-10-23 14:41:11,601899.SH,S,29.800,200
483,61,2025-10-23,2025-10-23 14:40:50,601619.SH,S,4.460,300
484,49,2025-10-23,2025-10-23 14:40:18,603936.SH,S,11.580,100
485,60,2025-10-23,2025-10-23 14:40:16,002384.SZ,B,65.690,100
486,59,2025-10-23,2025-10-23 14:40:13,002471.SZ,B,4.870,1400
487,52,2025-10-23,2025-10-23 14:39:51,000973.SZ,B,7.460,200
488,52,2025-10-23,2025-10-23 14:39:48,002911.SZ,S,12.150,100
489,52,2025-10-23,2025-10-23 14:39:54,002156.SZ,B,39.740,200
490,49,2025-10-23,2025-10-23 14:39:51,603520.SH,S,10.750,100
491,61,2025-10-23,2025-10-23 14:39:48,300092.SZ,S,16.470,100
492,49,2025-10-23,2025-10-23 14:39:47,002459.SZ,S,13.020,100
493,52,2025-10-23,2025-10-23 14:39:33,002870.SZ,S,39.210,100
494,61,2025-10-23,2025-10-23 14:39:36,000010.SZ,S,3.950,800
495,60,2025-10-23,2025-10-23 14:39:36,000010.SZ,S,3.950,2600
496,49,2025-10-23,2025-10-23 14:39:36,000010.SZ,S,3.950,600
497,61,2025-10-23,2025-10-23 14:39:33,000010.SZ,S,3.950,300
498,49,2025-10-23,2025-10-23 14:39:31,002534.SZ,S,16.510,100
499,59,2025-10-23,2025-10-23 14:39:30,000010.SZ,S,3.950,600
500,61,2025-10-23,2025-10-23 14:39:30,000010.SZ,S,3.950,400
501,49,2025-10-23,2025-10-23 14:39:30,300830.SZ,S,10.380,100
502,52,2025-10-23,2025-10-23 14:39:02,603316.SH,S,13.640,200
503,52,2025-10-23,2025-10-23 14:39:00,002237.SZ,S,12.970,200
504,58,2025-10-23,2025-10-23 14:38:55,002364.SZ,S,25.950,100
505,49,2025-10-23,2025-10-23 14:38:55,002662.SZ,B,3.840,200
506,59,2025-10-23,2025-10-23 14:38:43,002471.SZ,B,4.870,2200
507,61,2025-10-23,2025-10-23 14:38:42,002380.SZ,S,30.110,100
508,58,2025-10-23,2025-10-23 14:38:24,601616.SH,B,4.200,300
509,49,2025-10-23,2025-10-23 14:38:25,301526.SZ,S,5.960,100
510,52,2025-10-23,2025-10-23 14:31:16,000718.SZ,S,2.730,100
511,58,2025-10-23,2025-10-23 14:38:07,002269.SZ,S,2.370,100
512,58,2025-10-23,2025-10-23 14:38:04,601777.SH,S,11.170,100
513,52,2025-10-23,2025-10-23 14:37:32,601616.SH,S,4.210,100
514,52,2025-10-23,2025-10-23 14:37:52,002129.SZ,B,8.760,200
515,52,2025-10-23,2025-10-23 14:37:51,300444.SZ,B,8.200,600
516,52,2025-10-23,2025-10-23 14:34:52,002662.SZ,B,3.830,200
517,49,2025-10-23,2025-10-23 14:37:34,600667.SH,B,8.500,200
518,58,2025-10-23,2025-10-23 14:37:24,300444.SZ,B,8.200,600
519,58,2025-10-23,2025-10-23 14:37:30,002662.SZ,B,3.830,300
520,58,2025-10-23,2025-10-23 14:37:28,300541.SZ,S,16.040,300
521,58,2025-10-23,2025-10-23 14:37:24,300444.SZ,B,8.200,400
522,58,2025-10-23,2025-10-23 14:37:20,000965.SZ,B,4.630,300
523,61,2025-10-23,2025-10-23 14:37:17,300357.SZ,S,31.670,100
524,52,2025-10-23,2025-10-23 14:37:14,600577.SH,S,10.000,100
525,61,2025-10-23,2025-10-23 14:37:08,002774.SZ,S,10.080,100
526,59,2025-10-23,2025-10-23 14:37:06,301056.SZ,S,12.630,200
527,58,2025-10-23,2025-10-23 14:37:07,301056.SZ,S,12.630,300
528,49,2025-10-23,2025-10-23 14:37:07,002471.SZ,B,4.860,500
529,49,2025-10-23,2025-10-23 14:37:06,301056.SZ,S,12.630,200
530,61,2025-10-23,2025-10-23 14:37:06,301056.SZ,S,12.630,400
531,58,2025-10-23,2025-10-23 14:37:06,600537.SH,B,3.830,300
532,58,2025-10-23,2025-10-23 14:37:05,000531.SZ,S,6.990,100
533,49,2025-10-23,2025-10-23 14:37:05,002471.SZ,B,4.860,400
534,52,2025-10-23,2025-10-23 14:35:40,002471.SZ,B,4.860,800
535,49,2025-10-23,2025-10-23 14:36:55,603959.SH,S,6.830,100
536,52,2025-10-23,2025-10-23 14:36:12,603959.SH,S,6.830,200
537,49,2025-10-23,2025-10-23 14:36:50,600481.SH,S,6.450,100
538,61,2025-10-23,2025-10-23 14:36:45,601616.SH,S,4.210,300
539,49,2025-10-23,2025-10-23 14:36:46,601616.SH,S,4.210,100
540,58,2025-10-23,2025-10-23 14:36:44,600337.SH,B,2.310,300
541,49,2025-10-23,2025-10-23 14:36:40,002631.SZ,S,5.510,100
542,60,2025-10-23,2025-10-23 14:36:40,601899.SH,S,29.750,300
543,61,2025-10-23,2025-10-23 14:36:38,301607.SZ,S,43.980,100
544,49,2025-10-23,2025-10-23 14:36:32,603316.SH,S,13.660,300
545,61,2025-10-23,2025-10-23 14:36:32,603316.SH,S,13.660,400
546,59,2025-10-23,2025-10-23 14:36:32,603316.SH,S,13.660,300
547,52,2025-10-23,2025-10-23 14:36:30,300541.SZ,S,16.030,100
548,58,2025-10-23,2025-10-23 14:36:23,600527.SH,S,2.380,100
549,58,2025-10-23,2025-10-23 14:36:23,002436.SZ,S,19.010,100
550,52,2025-10-23,2025-10-23 14:35:40,600509.SH,B,8.170,200
551,59,2025-10-23,2025-10-23 14:36:12,300541.SZ,S,16.020,100
552,49,2025-10-23,2025-10-23 14:36:13,603305.SH,S,14.620,100
553,60,2025-10-23,2025-10-23 14:36:12,300541.SZ,S,16.020,200
554,49,2025-10-23,2025-10-23 14:36:12,300541.SZ,S,16.020,200
555,61,2025-10-23,2025-10-23 14:36:12,300541.SZ,S,16.020,300
556,52,2025-10-23,2025-10-23 14:35:42,002701.SZ,B,6.120,200
557,52,2025-10-23,2025-10-23 14:31:16,000056.SZ,S,2.420,100
558,60,2025-10-23,2025-10-23 14:35:57,002384.SZ,B,65.560,300
559,60,2025-10-23,2025-10-23 14:35:45,601908.SH,S,4.020,100
560,58,2025-10-23,2025-10-23 14:35:45,002911.SZ,S,12.150,200
561,58,2025-10-23,2025-10-23 14:35:40,600496.SH,B,4.090,100
562,60,2025-10-23,2025-10-23 14:35:42,600010.SH,B,2.630,800
563,58,2025-10-23,2025-10-23 14:35:40,600496.SH,B,4.090,200
564,58,2025-10-23,2025-10-23 14:35:40,002701.SZ,B,6.120,300
565,58,2025-10-23,2025-10-23 14:35:40,601968.SH,B,5.430,300
566,49,2025-10-23,2025-10-23 14:35:39,002506.SZ,B,2.480,200
567,52,2025-10-23,2025-10-23 14:31:16,003816.SZ,S,4.040,100
568,58,2025-10-23,2025-10-23 14:35:32,601619.SH,B,4.450,300
569,52,2025-10-23,2025-10-23 14:35:21,002131.SZ,B,4.860,400
570,52,2025-10-23,2025-10-23 14:31:16,600170.SH,S,2.910,100
571,52,2025-10-23,2025-10-23 14:31:16,601618.SH,S,3.670,100
572,49,2025-10-23,2025-10-23 14:34:29,000630.SZ,B,5.460,200
573,52,2025-10-23,2025-10-23 14:34:29,600246.SH,B,10.950,200
574,49,2025-10-23,2025-10-23 14:34:26,600152.SH,S,6.670,100
575,52,2025-10-23,2025-10-23 14:34:21,603359.SH,B,8.660,200
576,58,2025-10-23,2025-10-23 14:34:14,002303.SZ,S,4.560,100
577,61,2025-10-23,2025-10-23 14:34:05,002471.SZ,B,4.850,700
578,61,2025-10-23,2025-10-23 14:34:05,002471.SZ,B,4.850,1000
579,61,2025-10-23,2025-10-23 14:34:04,002471.SZ,B,4.850,1500
580,61,2025-10-23,2025-10-23 14:34:03,002471.SZ,B,4.850,100
581,49,2025-10-23,2025-10-23 14:34:03,002436.SZ,S,18.940,200
582,61,2025-10-23,2025-10-23 14:34:03,002471.SZ,B,4.850,400
583,61,2025-10-23,2025-10-23 14:34:03,002436.SZ,S,18.940,100
584,61,2025-10-23,2025-10-23 14:34:02,002471.SZ,B,4.850,100
585,61,2025-10-23,2025-10-23 14:34:02,002471.SZ,B,4.850,100
586,61,2025-10-23,2025-10-23 14:34:02,002471.SZ,B,4.850,2300
587,52,2025-10-23,2025-10-23 14:32:55,600095.SH,B,12.210,200
588,52,2025-10-23,2025-10-23 14:33:58,000923.SZ,S,18.090,100
589,49,2025-10-23,2025-10-23 14:33:49,000766.SZ,S,25.190,100
590,52,2025-10-23,2025-10-23 14:33:45,600489.SH,S,22.660,100
591,52,2025-10-23,2025-10-23 14:33:46,301607.SZ,S,43.780,100
592,52,2025-10-23,2025-10-23 14:33:30,002206.SZ,B,6.170,200
593,58,2025-10-23,2025-10-23 14:33:32,002380.SZ,S,29.950,100
594,49,2025-10-23,2025-10-23 14:33:19,000811.SZ,S,13.240,100
595,52,2025-10-23,2025-10-23 14:33:14,300136.SZ,S,27.870,100
596,58,2025-10-23,2025-10-23 14:33:15,601126.SH,S,25.570,100
597,49,2025-10-23,2025-10-23 14:33:13,603300.SH,B,7.060,200
598,52,2025-10-23,2025-10-23 14:33:08,603980.SH,B,5.520,200
599,58,2025-10-23,2025-10-23 14:33:09,000751.SZ,B,3.900,300
600,60,2025-10-23,2025-10-23 14:33:08,002436.SZ,B,18.950,600
601,52,2025-10-23,2025-10-23 14:33:01,600067.SH,B,3.490,200
602,61,2025-10-23,2025-10-23 14:33:05,601126.SH,S,25.570,100
603,49,2025-10-23,2025-10-23 14:33:06,601126.SH,S,25.570,100
604,52,2025-10-23,2025-10-23 14:32:45,002637.SZ,S,10.870,100
605,49,2025-10-23,2025-10-23 14:33:05,300444.SZ,B,8.160,100
606,49,2025-10-23,2025-10-23 14:33:05,300444.SZ,B,8.160,600
607,49,2025-10-23,2025-10-23 14:33:05,600470.SH,S,6.110,100
608,58,2025-10-23,2025-10-23 14:33:00,002622.SZ,B,3.290,100
609,58,2025-10-23,2025-10-23 14:33:00,002622.SZ,B,3.290,100
610,58,2025-10-23,2025-10-23 14:33:00,002622.SZ,B,3.290,100
611,59,2025-10-23,2025-10-23 14:32:42,002237.SZ,S,12.940,200
612,61,2025-10-23,2025-10-23 14:32:42,002237.SZ,S,12.940,600
613,60,2025-10-23,2025-10-23 14:32:42,002237.SZ,S,12.940,300
614,49,2025-10-23,2025-10-23 14:32:42,002237.SZ,S,12.940,300
615,49,2025-10-23,2025-10-23 14:32:38,002911.SZ,S,12.130,200
616,61,2025-10-23,2025-10-23 14:32:38,002911.SZ,S,12.130,200
617,52,2025-10-23,2025-10-23 14:32:39,000757.SZ,B,5.800,200
618,59,2025-10-23,2025-10-23 14:32:38,002911.SZ,S,12.130,100
619,60,2025-10-23,2025-10-23 14:32:37,601899.SH,S,29.630,400
620,58,2025-10-23,2025-10-23 14:32:36,002237.SZ,S,12.940,200
621,58,2025-10-23,2025-10-23 14:32:36,002237.SZ,S,12.940,300
622,49,2025-10-23,2025-10-23 14:32:22,300511.SZ,S,6.610,100
623,61,2025-10-23,2025-10-23 14:32:21,000531.SZ,S,6.970,300
624,49,2025-10-23,2025-10-23 14:32:21,000531.SZ,S,6.970,100
625,60,2025-10-23,2025-10-23 14:32:14,600711.SH,S,10.390,400
626,49,2025-10-23,2025-10-23 14:32:14,600711.SH,S,10.390,100
627,61,2025-10-23,2025-10-23 14:32:14,600711.SH,S,10.390,100
628,60,2025-10-23,2025-10-23 14:32:14,600711.SH,S,10.390,100
629,58,2025-10-23,2025-10-23 14:32:09,600489.SH,S,22.630,100
630,61,2025-10-23,2025-10-23 14:32:12,600711.SH,S,10.390,200
631,59,2025-10-23,2025-10-23 14:32:12,600711.SH,S,10.390,100
632,60,2025-10-23,2025-10-23 14:32:06,002384.SZ,B,65.340,100
633,58,2025-10-23,2025-10-23 14:32:05,600470.SH,B,6.110,300
634,60,2025-10-23,2025-10-23 14:32:04,002384.SZ,B,65.340,100
635,60,2025-10-23,2025-10-23 14:32:04,002384.SZ,B,65.340,200
636,49,2025-10-23,2025-10-23 14:32:00,002364.SZ,S,25.790,100
637,52,2025-10-23,2025-10-23 14:31:59,002384.SZ,B,65.340,200
638,58,2025-10-23,2025-10-23 14:31:53,000928.SZ,B,6.760,300
639,49,2025-10-23,2025-10-23 14:31:51,002364.SZ,S,25.790,100
640,61,2025-10-23,2025-10-23 14:31:51,002364.SZ,S,25.790,200
641,60,2025-10-23,2025-10-23 14:31:51,002364.SZ,S,25.790,100
642,49,2025-10-23,2025-10-23 14:31:39,000889.SZ,S,3.820,16
643,49,2025-10-23,2025-10-23 14:31:39,000889.SZ,S,3.820,84
644,49,2025-10-23,2025-10-23 14:31:37,603980.SH,S,5.520,100
645,61,2025-10-23,2025-10-23 14:31:25,600103.SH,S,3.590,300
646,49,2025-10-23,2025-10-23 14:31:25,600103.SH,S,3.590,100
647,49,2025-10-23,2025-10-23 14:31:24,002960.SZ,S,12.440,100
648,59,2025-10-23,2025-10-23 14:31:23,002471.SZ,B,4.840,2800
649,58,2025-10-23,2025-10-23 14:31:23,002471.SZ,B,4.840,1400
650,58,2025-10-23,2025-10-23 14:31:23,000010.SZ,S,3.940,1200
651,52,2025-10-23,2025-10-23 14:31:20,002532.SZ,S,12.870,100
652,59,2025-10-23,2025-10-23 14:31:20,600489.SH,S,22.580,100
653,61,2025-10-23,2025-10-23 14:31:20,600489.SH,S,22.580,200
654,49,2025-10-23,2025-10-23 14:31:20,600489.SH,S,22.580,100
655,49,2025-10-23,2025-10-23 14:31:19,002295.SZ,S,12.550,100
656,61,2025-10-23,2025-10-23 14:31:19,601975.SH,S,3.220,200
657,52,2025-10-23,2025-10-23 14:31:18,002345.SZ,S,12.590,100
658,58,2025-10-23,2025-10-23 14:31:17,601975.SH,S,3.220,100
659,58,2025-10-23,2025-10-23 14:31:16,600711.SH,S,10.380,200
660,52,2025-10-23,2025-10-23 14:31:16,600711.SH,S,10.380,100
661,52,2025-10-23,2025-10-23 14:31:16,000010.SZ,S,3.940,900
662,49,2025-10-23,2025-10-23 14:31:15,000751.SZ,B,3.900,200
663,59,2025-10-23,2025-10-23 14:31:14,603077.SH,S,2.110,100
664,59,2025-10-23,2025-10-23 14:31:14,603077.SH,S,2.110,2800
665,49,2025-10-23,2025-10-23 14:31:14,600400.SH,S,2.730,100
666,49,2025-10-23,2025-10-23 14:31:14,603077.SH,S,2.110,100
667,58,2025-10-23,2025-10-23 14:28:35,600433.SH,S,3.400,700
668,59,2025-10-23,2025-10-23 14:28:30,603077.SH,B,2.120,3200
669,49,2025-10-23,2025-10-23 14:28:30,603077.SH,B,2.120,200
670,60,2025-10-23,2025-10-23 14:28:21,002938.SZ,B,49.910,100
671,61,2025-10-23,2025-10-23 14:28:20,002938.SZ,B,49.910,100
672,61,2025-10-23,2025-10-23 14:28:20,300092.SZ,B,16.440,200
673,58,2025-10-23,2025-10-23 14:28:15,600527.SH,B,2.380,200
674,58,2025-10-23,2025-10-23 14:28:13,002701.SZ,S,6.100,400
675,58,2025-10-23,2025-10-23 14:28:13,002701.SZ,S,6.100,200
676,58,2025-10-23,2025-10-23 14:28:13,000811.SZ,B,13.270,300
677,49,2025-10-23,2025-10-23 14:28:10,600400.SH,B,2.730,200
678,58,2025-10-23,2025-10-23 14:28:09,603077.SH,B,2.120,200
679,49,2025-10-23,2025-10-23 14:28:07,300092.SZ,B,16.440,400
680,49,2025-10-23,2025-10-23 14:28:08,600759.SH,S,2.460,100
681,49,2025-10-23,2025-10-23 14:28:07,002631.SZ,B,5.510,200
682,49,2025-10-23,2025-10-23 14:28:07,002206.SZ,S,6.160,200
683,58,2025-10-23,2025-10-23 14:28:06,000811.SZ,B,13.270,300
684,58,2025-10-23,2025-10-23 14:28:05,601618.SH,B,3.670,200
685,52,2025-10-23,2025-10-23 14:28:06,002206.SZ,S,6.160,100
686,52,2025-10-23,2025-10-23 14:28:06,300092.SZ,B,16.450,200
687,52,2025-10-23,2025-10-23 14:28:05,002870.SZ,B,39.270,100
688,58,2025-10-23,2025-10-23 14:28:03,003019.SZ,S,33.210,100
689,52,2025-10-23,2025-10-23 14:16:20,600221.SH,S,1.700,100
690,52,2025-10-23,2025-10-23 14:28:03,003019.SZ,S,33.210,100
691,52,2025-10-23,2025-10-23 14:28:02,000598.SZ,S,7.000,100
692,58,2025-10-23,2025-10-23 14:28:00,603316.SH,S,13.630,600
693,49,2025-10-23,2025-10-23 14:28:00,600537.SH,S,3.810,100
694,61,2025-10-23,2025-10-23 14:28:00,603798.SH,S,15.310,200
695,49,2025-10-23,2025-10-23 14:27:56,002960.SZ,B,12.450,200
696,52,2025-10-23,2025-10-23 14:27:56,000718.SZ,B,2.720,200
697,60,2025-10-23,2025-10-23 14:27:51,603959.SH,S,6.820,200
698,59,2025-10-23,2025-10-23 14:27:49,600433.SH,S,3.400,300
699,52,2025-10-23,2025-10-23 14:27:33,003016.SZ,S,8.340,200
700,61,2025-10-23,2025-10-23 14:27:48,600433.SH,S,3.400,100
701,61,2025-10-23,2025-10-23 14:27:48,600433.SH,S,3.400,500
702,49,2025-10-23,2025-10-23 14:27:49,600433.SH,S,3.400,400
703,61,2025-10-23,2025-10-23 14:27:48,600433.SH,S,3.400,300
704,58,2025-10-23,2025-10-23 14:27:48,300092.SZ,B,16.450,600
705,49,2025-10-23,2025-10-23 14:27:46,600691.SH,S,2.950,100
706,52,2025-10-23,2025-10-23 14:27:43,002870.SZ,B,39.250,100
707,52,2025-10-23,2025-10-23 14:27:41,605099.SH,S,32.140,100
708,52,2025-10-23,2025-10-23 14:27:31,002364.SZ,B,25.860,200
709,58,2025-10-23,2025-10-23 14:27:38,000017.SZ,S,7.120,300
710,61,2025-10-23,2025-10-23 14:27:38,603316.SH,S,13.640,300
711,60,2025-10-23,2025-10-23 14:27:34,601899.SH,S,29.770,300
712,58,2025-10-23,2025-10-23 14:27:25,002303.SZ,B,4.560,200
713,61,2025-10-23,2025-10-23 14:27:17,601619.SH,B,4.450,500
714,58,2025-10-23,2025-10-23 14:27:16,000056.SZ,B,2.420,200
715,58,2025-10-23,2025-10-23 14:27:14,000531.SZ,B,6.960,200
716,58,2025-10-23,2025-10-23 14:27:12,600221.SH,B,1.700,200
717,52,2025-10-23,2025-10-23 14:16:20,603077.SH,S,2.110,100
718,58,2025-10-23,2025-10-23 14:27:06,000973.SZ,S,7.450,100
719,52,2025-10-23,2025-10-23 14:21:33,000973.SZ,S,7.450,100
720,52,2025-10-23,2025-10-23 14:16:20,000882.SZ,S,2.040,100
721,52,2025-10-23,2025-10-23 14:26:37,600236.SH,S,7.430,300
722,61,2025-10-23,2025-10-23 14:26:38,000959.SZ,S,4.200,100
723,58,2025-10-23,2025-10-23 14:26:36,601126.SH,S,25.540,100
724,58,2025-10-23,2025-10-23 14:26:36,601126.SH,S,25.540,100
725,58,2025-10-23,2025-10-23 14:26:36,601126.SH,S,25.540,100
726,52,2025-10-23,2025-10-23 14:16:20,000056.SZ,B,2.410,200
727,49,2025-10-23,2025-10-23 14:26:33,600635.SH,S,7.260,100
728,49,2025-10-23,2025-10-23 14:26:33,000886.SZ,S,7.140,100
729,60,2025-10-23,2025-10-23 14:26:32,600236.SH,S,7.430,300
730,61,2025-10-23,2025-10-23 14:26:31,600527.SH,B,2.370,500
731,52,2025-10-23,2025-10-23 14:16:46,003816.SZ,B,4.030,200
732,58,2025-10-23,2025-10-23 14:26:30,002269.SZ,B,2.360,200
733,58,2025-10-23,2025-10-23 14:26:30,002364.SZ,B,25.840,100
734,49,2025-10-23,2025-10-23 14:26:32,600527.SH,B,2.370,200
735,49,2025-10-23,2025-10-23 14:26:30,000633.SZ,S,6.700,100
736,58,2025-10-23,2025-10-23 14:26:30,002364.SZ,B,25.830,200
737,58,2025-10-23,2025-10-23 14:26:30,002364.SZ,B,25.840,100
738,61,2025-10-23,2025-10-23 14:26:28,002463.SZ,B,67.960,100
739,59,2025-10-23,2025-10-23 14:26:23,002645.SZ,B,14.740,200
740,59,2025-10-23,2025-10-23 14:26:22,002645.SZ,B,14.740,600
741,59,2025-10-23,2025-10-23 14:26:22,002645.SZ,B,14.740,100
742,49,2025-10-23,2025-10-23 14:26:12,002364.SZ,B,25.790,200
743,60,2025-10-23,2025-10-23 14:26:02,601619.SH,S,4.440,2300
744,61,2025-10-23,2025-10-23 14:25:58,600170.SH,B,2.900,500
745,60,2025-10-23,2025-10-23 14:25:53,002156.SZ,B,39.440,200
746,61,2025-10-23,2025-10-23 14:25:49,002364.SZ,B,25.780,300
747,61,2025-10-23,2025-10-23 14:25:47,300092.SZ,B,16.380,900
748,58,2025-10-23,2025-10-23 14:25:36,601598.SH,S,6.200,800
749,49,2025-10-23,2025-10-23 14:25:35,600658.SH,S,5.910,100
750,52,2025-10-23,2025-10-23 14:25:19,002338.SZ,B,53.780,200
751,52,2025-10-23,2025-10-23 14:19:30,002397.SZ,B,3.970,200
752,60,2025-10-23,2025-10-23 14:25:10,600438.SH,S,22.680,300
753,61,2025-10-23,2025-10-23 14:25:09,002463.SZ,B,67.860,100
754,58,2025-10-23,2025-10-23 14:24:59,301518.SZ,B,32.270,200
755,61,2025-10-23,2025-10-23 14:24:59,601968.SH,S,5.430,1800
756,49,2025-10-23,2025-10-23 14:24:59,601968.SH,S,5.430,1100
757,49,2025-10-23,2025-10-23 14:24:52,600933.SH,S,21.290,100
758,61,2025-10-23,2025-10-23 14:24:51,000973.SZ,S,7.430,100
759,59,2025-10-23,2025-10-23 14:24:51,000973.SZ,S,7.430,100
760,52,2025-10-23,2025-10-23 14:24:48,601126.SH,S,25.460,200
761,61,2025-10-23,2025-10-23 14:24:43,300547.SZ,B,36.640,100
762,49,2025-10-23,2025-10-23 14:24:43,300547.SZ,B,36.640,200
763,52,2025-10-23,2025-10-23 14:23:56,603316.SH,S,13.640,200
764,60,2025-10-23,2025-10-23 14:24:33,002346.SZ,S,17.690,200
765,58,2025-10-23,2025-10-23 14:24:32,603767.SH,B,24.980,200
766,58,2025-10-23,2025-10-23 14:24:28,003016.SZ,S,8.290,100
767,58,2025-10-23,2025-10-23 14:24:28,003016.SZ,S,8.290,400
768,52,2025-10-23,2025-10-23 14:24:09,600988.SH,S,28.370,100
769,61,2025-10-23,2025-10-23 14:24:09,002938.SZ,B,49.730,100
770,60,2025-10-23,2025-10-23 14:24:09,002938.SZ,B,49.730,200
771,52,2025-10-23,2025-10-23 14:23:13,603798.SH,S,15.310,100
772,52,2025-10-23,2025-10-23 14:24:05,000923.SZ,B,17.950,200
773,52,2025-10-23,2025-10-23 14:23:07,300497.SZ,S,10.250,100
774,61,2025-10-23,2025-10-23 14:23:55,002463.SZ,B,67.840,100
775,58,2025-10-23,2025-10-23 14:23:54,601968.SH,S,5.420,300
776,58,2025-10-23,2025-10-23 14:23:54,601968.SH,S,5.420,600
777,52,2025-10-23,2025-10-23 14:22:02,300304.SZ,S,11.350,100
778,60,2025-10-23,2025-10-23 14:23:50,002131.SZ,B,4.830,900
779,60,2025-10-23,2025-10-23 14:23:50,002131.SZ,B,4.830,100
780,60,2025-10-23,2025-10-23 14:23:50,002131.SZ,B,4.830,200
781,60,2025-10-23,2025-10-23 14:23:50,002131.SZ,B,4.830,100
782,60,2025-10-23,2025-10-23 14:23:50,002131.SZ,B,4.830,3000
783,60,2025-10-23,2025-10-23 14:23:50,002131.SZ,B,4.830,600
784,60,2025-10-23,2025-10-23 14:23:50,002131.SZ,B,4.830,400
785,60,2025-10-23,2025-10-23 14:23:43,002156.SZ,B,39.430,300
786,49,2025-10-23,2025-10-23 14:23:38,603305.SH,B,14.560,200
787,58,2025-10-23,2025-10-23 14:23:38,601968.SH,S,5.420,100
788,58,2025-10-23,2025-10-23 14:23:36,002938.SZ,B,49.750,100
789,58,2025-10-23,2025-10-23 14:23:36,002938.SZ,B,49.750,100
790,58,2025-10-23,2025-10-23 14:23:37,601968.SH,S,5.420,500
791,61,2025-10-23,2025-10-23 14:23:34,002463.SZ,B,67.820,200
792,58,2025-10-23,2025-10-23 14:23:24,603588.SH,S,7.430,600
793,58,2025-10-23,2025-10-23 14:23:24,603588.SH,S,7.430,200
794,49,2025-10-23,2025-10-23 14:23:23,600337.SH,S,2.300,100
795,59,2025-10-23,2025-10-23 14:23:19,000017.SZ,S,7.100,100
796,61,2025-10-23,2025-10-23 14:23:18,605099.SH,S,32.050,100
797,60,2025-10-23,2025-10-23 14:23:16,300433.SZ,S,28.700,100
798,49,2025-10-23,2025-10-23 14:23:15,300830.SZ,B,10.290,200
799,58,2025-10-23,2025-10-23 14:23:13,603365.SH,S,18.830,200
800,49,2025-10-23,2025-10-23 14:23:08,000567.SZ,S,6.850,100
801,52,2025-10-23,2025-10-23 14:23:07,000017.SZ,S,7.100,100
802,52,2025-10-23,2025-10-23 14:23:00,002053.SZ,S,12.730,300
803,61,2025-10-23,2025-10-23 14:23:06,605286.SH,S,38.010,100
804,61,2025-10-23,2025-10-23 14:22:56,003016.SZ,S,8.300,600
805,49,2025-10-23,2025-10-23 14:22:56,003016.SZ,S,8.300,300
806,59,2025-10-23,2025-10-23 14:22:55,003016.SZ,S,8.300,300
807,61,2025-10-23,2025-10-23 14:22:54,002506.SZ,S,2.470,100
808,52,2025-10-23,2025-10-23 14:22:33,002163.SZ,S,10.730,200
809,52,2025-10-23,2025-10-23 14:22:53,601059.SH,S,19.340,100
810,60,2025-10-23,2025-10-23 14:22:48,601899.SH,S,29.540,400
811,58,2025-10-23,2025-10-23 14:22:43,300389.SZ,S,17.060,100
812,60,2025-10-23,2025-10-23 14:22:41,002364.SZ,B,25.800,500
813,58,2025-10-23,2025-10-23 14:22:34,002637.SZ,S,10.870,300
814,49,2025-10-23,2025-10-23 14:22:30,000531.SZ,B,6.950,200
815,49,2025-10-23,2025-10-23 14:22:30,601515.SH,S,4.790,100
816,52,2025-10-23,2025-10-23 14:22:21,002080.SZ,S,30.360,100
817,61,2025-10-23,2025-10-23 14:22:22,300289.SZ,S,7.890,100
818,60,2025-10-23,2025-10-23 14:22:18,000010.SZ,S,3.920,1000
819,59,2025-10-23,2025-10-23 14:22:14,002688.SZ,S,6.640,100
820,52,2025-10-23,2025-10-23 14:19:22,300324.SZ,B,5.630,600
821,60,2025-10-23,2025-10-23 14:22:07,002384.SZ,S,65.450,100
822,59,2025-10-23,2025-10-23 14:22:04,300457.SZ,S,30.990,100
823,52,2025-10-23,2025-10-23 14:16:20,600433.SH,S,3.400,400
824,49,2025-10-23,2025-10-23 14:22:02,002459.SZ,B,12.970,200
825,61,2025-10-23,2025-10-23 14:21:57,000017.SZ,S,7.110,400
826,49,2025-10-23,2025-10-23 14:21:57,000017.SZ,S,7.110,200
827,52,2025-10-23,2025-10-23 14:21:55,600728.SH,S,6.580,100
828,58,2025-10-23,2025-10-23 14:21:53,002053.SZ,S,12.720,400
829,49,2025-10-23,2025-10-23 14:21:53,603798.SH,S,15.320,200
830,49,2025-10-23,2025-10-23 14:21:51,002053.SZ,S,12.720,100
831,49,2025-10-23,2025-10-23 14:21:51,002053.SZ,S,12.720,100
832,59,2025-10-23,2025-10-23 14:21:51,002053.SZ,S,12.720,100
833,52,2025-10-23,2025-10-23 14:21:52,300464.SZ,S,6.870,100
834,61,2025-10-23,2025-10-23 14:21:51,002053.SZ,S,12.720,200
835,61,2025-10-23,2025-10-23 14:21:51,002053.SZ,S,12.720,100
836,61,2025-10-23,2025-10-23 14:21:51,002053.SZ,S,12.720,100
837,61,2025-10-23,2025-10-23 14:21:51,002053.SZ,S,12.720,100
838,60,2025-10-23,2025-10-23 14:21:44,603421.SH,S,7.410,200
839,60,2025-10-23,2025-10-23 14:21:42,603421.SH,S,7.410,800
840,60,2025-10-23,2025-10-23 14:21:38,300878.SZ,S,22.500,200
841,49,2025-10-23,2025-10-23 14:21:36,002782.SZ,S,16.780,100
842,49,2025-10-23,2025-10-23 14:21:36,603959.SH,B,6.810,200
843,49,2025-10-23,2025-10-23 14:21:35,300438.SZ,S,34.060,100
844,52,2025-10-23,2025-10-23 14:20:21,603959.SH,B,6.810,200
845,49,2025-10-23,2025-10-23 14:21:34,603037.SH,S,14.220,100
846,59,2025-10-23,2025-10-23 14:21:34,603798.SH,S,15.330,100
847,61,2025-10-23,2025-10-23 14:21:33,603798.SH,S,15.330,200
848,49,2025-10-23,2025-10-23 14:21:33,002938.SZ,B,49.830,100
849,58,2025-10-23,2025-10-23 14:21:31,002842.SZ,S,10.400,100
850,49,2025-10-23,2025-10-23 14:21:29,603936.SH,B,11.500,200
851,60,2025-10-23,2025-10-23 14:21:28,603799.SH,S,62.290,200
852,60,2025-10-23,2025-10-23 14:21:26,601899.SH,S,29.570,100
853,61,2025-10-23,2025-10-23 14:21:24,002637.SZ,S,10.870,100
854,61,2025-10-23,2025-10-23 14:21:24,002637.SZ,S,10.870,100
855,61,2025-10-23,2025-10-23 14:21:24,002637.SZ,S,10.870,100
856,49,2025-10-23,2025-10-23 14:21:24,002637.SZ,S,10.870,100
857,59,2025-10-23,2025-10-23 14:21:23,002637.SZ,S,10.870,100
858,52,2025-10-23,2025-10-23 14:21:08,003036.SZ,B,16.290,100
859,52,2025-10-23,2025-10-23 14:21:08,003036.SZ,B,16.290,100
860,59,2025-10-23,2025-10-23 14:21:12,002645.SZ,B,14.750,1200
861,59,2025-10-23,2025-10-23 14:21:11,002645.SZ,B,14.750,100
862,49,2025-10-23,2025-10-23 14:21:06,603520.SH,B,10.710,200
863,61,2025-10-23,2025-10-23 14:21:04,000048.SZ,S,16.920,100
864,49,2025-10-23,2025-10-23 14:21:04,000048.SZ,S,16.920,100
865,49,2025-10-23,2025-10-23 14:21:02,601975.SH,S,3.220,100
866,52,2025-10-23,2025-10-23 14:20:50,600537.SH,S,3.810,100
867,59,2025-10-23,2025-10-23 14:20:51,601968.SH,S,5.410,700
868,52,2025-10-23,2025-10-23 14:20:48,601968.SH,S,5.410,500
869,59,2025-10-23,2025-10-23 14:20:46,002645.SZ,B,14.750,1000
870,49,2025-10-23,2025-10-23 14:20:45,002938.SZ,B,49.830,100
871,49,2025-10-23,2025-10-23 14:20:43,600481.SH,B,6.400,200
872,52,2025-10-23,2025-10-23 14:16:20,600533.SH,S,2.970,100
873,49,2025-10-23,2025-10-23 14:20:37,000889.SZ,B,3.810,200
874,61,2025-10-23,2025-10-23 14:20:34,600103.SH,B,3.590,500
875,49,2025-10-23,2025-10-23 14:20:34,600103.SH,B,3.590,200
876,49,2025-10-23,2025-10-23 14:20:21,301526.SZ,B,5.920,200
877,58,2025-10-23,2025-10-23 14:20:14,002645.SZ,B,14.730,200
878,49,2025-10-23,2025-10-23 14:20:13,002364.SZ,B,25.820,200
879,60,2025-10-23,2025-10-23 14:20:13,002364.SZ,B,25.820,100
880,61,2025-10-23,2025-10-23 14:20:13,002364.SZ,B,25.820,200
881,60,2025-10-23,2025-10-23 14:20:13,002364.SZ,B,25.820,100
882,49,2025-10-23,2025-10-23 14:20:10,000811.SZ,B,13.230,200
883,61,2025-10-23,2025-10-23 14:20:10,000811.SZ,B,13.230,500
884,49,2025-10-23,2025-10-23 14:20:07,603588.SH,S,7.440,500
885,61,2025-10-23,2025-10-23 14:20:07,603588.SH,S,7.440,1200
886,49,2025-10-23,2025-10-23 14:20:06,002436.SZ,B,18.890,200
887,49,2025-10-23,2025-10-23 14:20:05,300680.SZ,B,53.000,200
888,59,2025-10-23,2025-10-23 14:20:06,603588.SH,S,7.440,300
889,59,2025-10-23,2025-10-23 14:20:05,603588.SH,S,7.440,100
890,52,2025-10-23,2025-10-23 14:20:01,603283.SH,B,43.580,200
891,49,2025-10-23,2025-10-23 14:19:59,603429.SH,S,10.090,100
892,59,2025-10-23,2025-10-23 14:19:59,603429.SH,S,10.090,100
893,61,2025-10-23,2025-10-23 14:19:59,603429.SH,S,10.090,100
894,58,2025-10-23,2025-10-23 14:19:57,600010.SH,B,2.620,200
895,49,2025-10-23,2025-10-23 14:19:55,300511.SZ,B,6.580,200
896,52,2025-10-23,2025-10-23 14:19:16,603588.SH,S,7.440,300
897,49,2025-10-23,2025-10-23 14:19:44,600415.SH,S,18.260,100
898,61,2025-10-23,2025-10-23 14:19:44,600330.SH,B,10.340,1200
899,52,2025-10-23,2025-10-23 14:19:42,300890.SZ,B,34.200,200
900,61,2025-10-23,2025-10-23 14:19:44,600330.SH,B,10.340,3100
901,52,2025-10-23,2025-10-23 14:19:36,002701.SZ,S,6.100,1200
902,58,2025-10-23,2025-10-23 14:19:31,600988.SH,S,28.380,200
903,49,2025-10-23,2025-10-23 14:19:30,000766.SZ,B,25.210,200
904,49,2025-10-23,2025-10-23 14:19:29,002627.SZ,B,6.070,200
905,52,2025-10-23,2025-10-23 14:19:26,300541.SZ,S,15.950,100
906,58,2025-10-23,2025-10-23 14:19:22,300539.SZ,B,50.060,200
907,58,2025-10-23,2025-10-23 14:19:21,002701.SZ,S,6.100,400
908,58,2025-10-23,2025-10-23 14:19:21,002701.SZ,S,6.100,400
909,58,2025-10-23,2025-10-23 14:19:21,002701.SZ,S,6.100,400
910,58,2025-10-23,2025-10-23 14:19:21,002701.SZ,S,6.100,300
911,58,2025-10-23,2025-10-23 14:19:21,002701.SZ,S,6.100,100
912,49,2025-10-23,2025-10-23 14:19:19,600152.SH,B,6.650,200
913,61,2025-10-23,2025-10-23 14:19:12,002004.SZ,B,4.960,500
914,49,2025-10-23,2025-10-23 14:19:12,300229.SZ,S,19.490,100
915,49,2025-10-23,2025-10-23 14:18:53,301518.SZ,B,32.360,200
916,49,2025-10-23,2025-10-23 14:18:49,002534.SZ,B,16.420,100
917,49,2025-10-23,2025-10-23 14:18:49,002534.SZ,B,16.420,100
918,52,2025-10-23,2025-10-23 14:18:42,002345.SZ,B,12.580,200
919,52,2025-10-23,2025-10-23 14:17:33,002475.SZ,S,59.540,100
920,60,2025-10-23,2025-10-23 14:18:42,002156.SZ,B,39.440,400
921,61,2025-10-23,2025-10-23 14:18:42,601975.SH,B,3.220,400
922,61,2025-10-23,2025-10-23 14:18:41,601975.SH,B,3.220,100
923,61,2025-10-23,2025-10-23 14:18:42,601598.SH,S,6.200,900
924,49,2025-10-23,2025-10-23 14:18:42,601598.SH,S,6.200,500
925,59,2025-10-23,2025-10-23 14:18:42,601598.SH,S,6.200,300
926,52,2025-10-23,2025-10-23 14:18:36,601598.SH,S,6.200,300
927,52,2025-10-23,2025-10-23 14:18:40,600577.SH,B,9.980,200
928,49,2025-10-23,2025-10-23 14:18:36,002172.SZ,S,4.250,100
929,60,2025-10-23,2025-10-23 14:18:37,601100.SH,B,88.640,100
930,49,2025-10-23,2025-10-23 14:18:24,002463.SZ,B,67.750,200
931,49,2025-10-23,2025-10-23 14:18:24,603980.SH,B,5.500,200
932,49,2025-10-23,2025-10-23 14:18:19,002545.SZ,S,13.630,100
933,60,2025-10-23,2025-10-23 14:18:19,688303.SH,S,26.900,200
934,49,2025-10-23,2025-10-23 14:18:11,600868.SH,S,2.960,100
935,49,2025-10-23,2025-10-23 14:18:10,300444.SZ,S,8.140,100
936,52,2025-10-23,2025-10-23 14:16:20,600868.SH,S,2.960,100
937,61,2025-10-23,2025-10-23 14:18:08,000531.SZ,B,6.950,500
938,58,2025-10-23,2025-10-23 14:17:59,600868.SH,B,2.960,200
939,60,2025-10-23,2025-10-23 14:17:59,600988.SH,S,28.380,100
940,49,2025-10-23,2025-10-23 14:17:59,600988.SH,S,28.380,100
941,61,2025-10-23,2025-10-23 14:17:59,600988.SH,S,28.380,300
942,59,2025-10-23,2025-10-23 14:17:59,600988.SH,S,28.380,100
943,60,2025-10-23,2025-10-23 14:17:56,002938.SZ,B,49.720,400
944,61,2025-10-23,2025-10-23 14:17:56,002938.SZ,B,49.720,300
945,52,2025-10-23,2025-10-23 14:17:25,002792.SZ,S,17.890,100
946,61,2025-10-23,2025-10-23 14:17:54,002662.SZ,S,3.810,100
947,52,2025-10-23,2025-10-23 14:17:33,002380.SZ,S,29.870,100
948,59,2025-10-23,2025-10-23 14:17:53,601126.SH,S,25.490,102
949,61,2025-10-23,2025-10-23 14:17:53,601126.SH,S,25.490,202
950,59,2025-10-23,2025-10-23 14:17:53,601126.SH,S,25.490,98
951,58,2025-10-23,2025-10-23 14:17:51,002938.SZ,B,49.750,100
952,58,2025-10-23,2025-10-23 14:17:51,002938.SZ,B,49.750,100
953,61,2025-10-23,2025-10-23 14:17:52,000751.SZ,S,3.890,100
954,61,2025-10-23,2025-10-23 14:17:51,601126.SH,S,25.490,100
955,61,2025-10-23,2025-10-23 14:17:49,601126.SH,S,25.490,98
956,60,2025-10-23,2025-10-23 14:17:49,601126.SH,S,25.490,2
957,60,2025-10-23,2025-10-23 14:17:47,601126.SH,S,25.490,98
958,49,2025-10-23,2025-10-23 14:17:48,601126.SH,S,25.490,102
959,49,2025-10-23,2025-10-23 14:17:34,601126.SH,S,25.490,98
960,49,2025-10-23,2025-10-23 14:17:33,601777.SH,S,11.070,100
961,52,2025-10-23,2025-10-23 14:17:33,600489.SH,S,22.520,100
962,60,2025-10-23,2025-10-23 14:17:18,001330.SZ,S,6.110,400
963,52,2025-10-23,2025-10-23 14:16:51,001330.SZ,S,6.110,100
964,58,2025-10-23,2025-10-23 14:17:17,300547.SZ,B,36.570,400
965,49,2025-10-23,2025-10-23 14:17:16,002295.SZ,B,12.500,200
966,61,2025-10-23,2025-10-23 14:17:13,603365.SH,S,18.830,300
967,49,2025-10-23,2025-10-23 14:17:13,603365.SH,S,18.830,100
968,59,2025-10-23,2025-10-23 14:17:13,603365.SH,S,18.830,100
969,58,2025-10-23,2025-10-23 14:17:10,603798.SH,S,15.270,100
970,58,2025-10-23,2025-10-23 14:17:10,603798.SH,S,15.270,200
971,52,2025-10-23,2025-10-23 14:16:20,601975.SH,S,3.220,100
972,49,2025-10-23,2025-10-23 14:17:05,600470.SH,B,6.100,100
973,49,2025-10-23,2025-10-23 14:17:05,600470.SH,B,6.100,100
974,49,2025-10-23,2025-10-23 14:17:03,002674.SZ,S,13.980,100
975,61,2025-10-23,2025-10-23 14:17:01,603316.SH,S,13.590,400
976,49,2025-10-23,2025-10-23 14:17:01,603316.SH,S,13.590,400
977,49,2025-10-23,2025-10-23 14:17:01,601208.SH,S,19.080,300
978,61,2025-10-23,2025-10-23 14:17:01,601208.SH,S,19.080,600
979,59,2025-10-23,2025-10-23 14:17:01,603316.SH,S,13.590,200
980,59,2025-10-23,2025-10-23 14:17:00,601208.SH,S,19.080,200
981,61,2025-10-23,2025-10-23 14:16:51,003019.SZ,S,33.050,200
982,49,2025-10-23,2025-10-23 14:16:51,003019.SZ,S,33.050,100
983,59,2025-10-23,2025-10-23 14:16:51,003019.SZ,S,33.050,100
984,61,2025-10-23,2025-10-23 14:16:51,601069.SH,S,28.160,200
985,49,2025-10-23,2025-10-23 14:16:51,601069.SH,S,28.160,100
986,61,2025-10-23,2025-10-23 14:16:51,002436.SZ,S,18.860,200
987,59,2025-10-23,2025-10-23 14:16:50,002436.SZ,S,18.860,300
988,59,2025-10-23,2025-10-23 14:16:50,601069.SH,S,28.160,100
989,52,2025-10-23,2025-10-23 14:16:51,000757.SZ,S,5.780,100
990,61,2025-10-23,2025-10-23 14:16:48,002701.SZ,S,6.100,300
991,61,2025-10-23,2025-10-23 14:16:48,002701.SZ,S,6.100,900
992,61,2025-10-23,2025-10-23 14:16:48,002701.SZ,S,6.100,200
993,49,2025-10-23,2025-10-23 14:16:48,002701.SZ,S,6.100,1000
994,61,2025-10-23,2025-10-23 14:16:48,002701.SZ,S,6.100,400
995,61,2025-10-23,2025-10-23 14:16:48,002701.SZ,S,6.100,500
996,49,2025-10-23,2025-10-23 14:16:48,002701.SZ,S,6.100,400
997,61,2025-10-23,2025-10-23 14:16:48,002701.SZ,S,6.100,500
998,59,2025-10-23,2025-10-23 14:16:48,002701.SZ,S,6.100,1100
999,49,2025-10-23,2025-10-23 14:16:47,600712.SH,S,7.030,100
1000,52,2025-10-23,2025-10-23 14:16:20,600170.SH,B,2.890,200
1001,52,2025-10-23,2025-10-23 14:16:37,600095.SH,S,12.210,100
1002,60,2025-10-23,2025-10-23 14:16:44,601899.SH,S,29.490,100
1003,60,2025-10-23,2025-10-23 14:16:44,601899.SH,S,29.490,100
1004,60,2025-10-23,2025-10-23 14:16:44,601899.SH,S,29.490,300
1005,61,2025-10-23,2025-10-23 14:16:41,002622.SZ,S,3.280,100
1006,52,2025-10-23,2025-10-23 14:16:27,002637.SZ,S,10.860,200
1007,58,2025-10-23,2025-10-23 14:16:42,600489.SH,S,22.490,100
1008,58,2025-10-23,2025-10-23 14:16:42,600489.SH,S,22.490,100
1009,49,2025-10-23,2025-10-23 14:16:39,600489.SH,S,22.490,200
1010,61,2025-10-23,2025-10-23 14:16:39,600489.SH,S,22.490,300
1011,59,2025-10-23,2025-10-23 14:16:39,600489.SH,S,22.490,100
1012,61,2025-10-23,2025-10-23 14:16:33,002219.SZ,S,2.340,100
1013,52,2025-10-23,2025-10-23 14:16:20,601618.SH,B,3.660,100
1014,52,2025-10-23,2025-10-23 14:16:20,601618.SH,B,3.660,100
1015,61,2025-10-23,2025-10-23 14:16:21,601616.SH,B,4.180,100
1016,49,2025-10-23,2025-10-23 14:16:21,601616.SH,B,4.180,100
1017,61,2025-10-23,2025-10-23 14:16:21,601616.SH,B,4.180,400
1018,49,2025-10-23,2025-10-23 14:16:21,601616.SH,B,4.180,100
1019,58,2025-10-23,2025-10-23 14:16:20,601975.SH,B,3.220,200
1020,52,2025-10-23,2025-10-23 14:16:20,600337.SH,S,2.290,100
1021,52,2025-10-23,2025-10-23 14:16:20,601616.SH,B,4.180,200
1022,52,2025-10-23,2025-10-23 14:16:20,600496.SH,S,4.060,100
1023,61,2025-10-23,2025-10-23 14:13:30,002219.SZ,B,2.340,300
1024,60,2025-10-23,2025-10-23 14:13:30,601868.SH,B,2.490,100
1025,49,2025-10-23,2025-10-23 14:13:30,002172.SZ,B,4.250,200
1026,58,2025-10-23,2025-10-23 14:13:16,301511.SZ,B,32.180,200
1027,58,2025-10-23,2025-10-23 14:13:15,301511.SZ,B,32.190,400
1028,61,2025-10-23,2025-10-23 14:13:14,002291.SZ,B,6.880,1500
1029,58,2025-10-23,2025-10-23 14:13:13,603817.SH,S,6.790,3500
1030,60,2025-10-23,2025-10-23 14:13:13,601618.SH,B,3.670,100
1031,49,2025-10-23,2025-10-23 14:13:13,601618.SH,B,3.670,200
1032,58,2025-10-23,2025-10-23 14:13:11,002291.SZ,B,6.880,600
1033,61,2025-10-23,2025-10-23 14:13:10,002291.SZ,B,6.880,1500
1034,60,2025-10-23,2025-10-23 14:13:10,002813.SZ,S,27.690,300
1035,52,2025-10-23,2025-10-23 14:13:10,002463.SZ,B,67.730,100
1036,61,2025-10-23,2025-10-23 14:13:07,002291.SZ,B,6.880,1500
1037,49,2025-10-23,2025-10-23 14:13:07,600759.SH,B,2.460,200
1038,58,2025-10-23,2025-10-23 14:13:07,601618.SH,B,3.670,100
1039,52,2025-10-23,2025-10-23 14:13:07,601908.SH,S,3.990,100
1040,52,2025-10-23,2025-10-23 14:13:07,300710.SZ,S,21.930,100
1041,52,2025-10-23,2025-10-23 14:13:06,002080.SZ,B,30.320,200
1042,52,2025-10-23,2025-10-23 14:13:04,002475.SZ,B,59.510,200
1043,58,2025-10-23,2025-10-23 14:13:01,603365.SH,S,18.790,200
1044,61,2025-10-23,2025-10-23 14:13:00,002664.SZ,B,29.650,300
1045,52,2025-10-23,2025-10-23 14:12:55,603817.SH,S,6.800,100
1046,52,2025-10-23,2025-10-23 14:12:55,603817.SH,S,6.800,500
1047,61,2025-10-23,2025-10-23 14:12:59,003016.SZ,S,8.310,400
1048,52,2025-10-23,2025-10-23 14:12:55,603817.SH,S,6.800,100
1049,52,2025-10-23,2025-10-23 14:12:58,600221.SH,B,1.700,200
1050,58,2025-10-23,2025-10-23 14:12:56,002638.SZ,S,2.750,1500
1051,52,2025-10-23,2025-10-23 14:12:55,603817.SH,S,6.800,1900
1052,52,2025-10-23,2025-10-23 14:12:56,002638.SZ,S,2.750,1100
1053,49,2025-10-23,2025-10-23 14:12:47,002506.SZ,S,2.460,100
1054,61,2025-10-23,2025-10-23 14:12:47,002622.SZ,B,3.280,300
1055,60,2025-10-23,2025-10-23 14:12:17,000757.SZ,S,5.780,800
1056,61,2025-10-23,2025-10-23 14:12:11,301511.SZ,B,32.280,300
1057,49,2025-10-23,2025-10-23 14:12:11,301511.SZ,B,32.280,100
1058,61,2025-10-23,2025-10-23 14:12:06,688403.SH,S,15.670,600
1059,58,2025-10-23,2025-10-23 14:11:51,603429.SH,S,10.000,200
1060,60,2025-10-23,2025-10-23 14:11:48,002384.SZ,B,65.320,100
1061,61,2025-10-23,2025-10-23 14:11:43,603588.SH,B,7.440,300
1062,58,2025-10-23,2025-10-23 14:11:40,300501.SZ,S,15.570,100
1063,58,2025-10-23,2025-10-23 14:11:28,002701.SZ,B,6.100,100
1064,52,2025-10-23,2025-10-23 14:10:51,002701.SZ,B,6.100,200
1065,61,2025-10-23,2025-10-23 14:11:24,688403.SH,S,15.680,561
1066,61,2025-10-23,2025-10-23 14:11:15,603817.SH,S,6.800,700
1067,52,2025-10-23,2025-10-23 14:11:11,600149.SH,S,5.760,300
1068,60,2025-10-23,2025-10-23 14:11:12,002701.SZ,S,6.100,4300
1069,52,2025-10-23,2025-10-23 14:11:11,603839.SH,S,9.300,100
1070,61,2025-10-23,2025-10-23 14:11:03,603429.SH,S,9.970,200
1071,49,2025-10-23,2025-10-23 14:11:03,603429.SH,S,9.970,100
1072,61,2025-10-23,2025-10-23 14:11:00,301511.SZ,B,32.300,300
1073,52,2025-10-23,2025-10-23 14:09:58,001330.SZ,B,6.120,200
1074,61,2025-10-23,2025-10-23 14:10:45,603365.SH,S,18.800,100
1075,58,2025-10-23,2025-10-23 14:10:42,002662.SZ,B,3.810,100
1076,52,2025-10-23,2025-10-23 14:10:12,002155.SZ,B,20.150,100
1077,58,2025-10-23,2025-10-23 14:10:32,000833.SZ,S,15.090,100
1078,49,2025-10-23,2025-10-23 14:10:30,601619.SH,S,4.440,100
1079,60,2025-10-23,2025-10-23 14:10:30,601619.SH,S,4.440,500
1080,60,2025-10-23,2025-10-23 14:10:31,600460.SH,S,30.150,200
1081,60,2025-10-23,2025-10-23 14:10:30,600460.SH,S,30.150,100
1082,52,2025-10-23,2025-10-23 14:10:12,002155.SZ,B,20.150,100
1083,61,2025-10-23,2025-10-23 14:10:26,603365.SH,S,18.800,200
1084,49,2025-10-23,2025-10-23 14:10:26,603365.SH,S,18.800,200
1085,58,2025-10-23,2025-10-23 14:10:26,601208.SH,B,19.140,400
1086,60,2025-10-23,2025-10-23 14:10:23,600438.SH,S,22.800,100
1087,58,2025-10-23,2025-10-23 14:10:14,000751.SZ,B,3.890,100
1088,61,2025-10-23,2025-10-23 14:10:12,601208.SH,B,19.160,300
1089,52,2025-10-23,2025-10-23 14:09:46,003036.SZ,S,16.250,100
1090,58,2025-10-23,2025-10-23 14:10:08,000558.SZ,S,5.400,500
1091,61,2025-10-23,2025-10-23 14:10:06,002662.SZ,B,3.820,300
1092,49,2025-10-23,2025-10-23 14:10:05,600691.SH,B,2.950,200
1093,58,2025-10-23,2025-10-23 14:10:05,603077.SH,B,2.110,100
1094,52,2025-10-23,2025-10-23 14:04:51,603365.SH,S,18.800,100
1095,61,2025-10-23,2025-10-23 14:10:05,601208.SH,B,19.160,700
1096,49,2025-10-23,2025-10-23 14:10:05,300055.SZ,S,7.050,100
1097,61,2025-10-23,2025-10-23 14:10:04,603817.SH,S,6.800,8200
1098,49,2025-10-23,2025-10-23 14:10:04,603817.SH,S,6.800,3000
1099,58,2025-10-23,2025-10-23 14:10:03,600400.SH,B,2.720,100
1100,49,2025-10-23,2025-10-23 14:10:02,600933.SH,B,21.340,200
1101,59,2025-10-23,2025-10-23 14:10:03,603365.SH,S,18.800,100
1102,58,2025-10-23,2025-10-23 14:10:03,603959.SH,S,6.780,200
1103,61,2025-10-23,2025-10-23 14:10:03,603959.SH,S,6.780,300
1104,49,2025-10-23,2025-10-23 14:10:03,603959.SH,S,6.780,200
1105,59,2025-10-23,2025-10-23 14:10:03,603959.SH,S,6.780,100
1106,52,2025-10-23,2025-10-23 14:09:30,603959.SH,S,6.780,300
1107,49,2025-10-23,2025-10-23 14:10:01,603817.SH,S,6.800,100
1108,49,2025-10-23,2025-10-23 14:10:00,603817.SH,S,6.800,100
1109,49,2025-10-23,2025-10-23 14:09:59,000886.SZ,B,7.130,200
1110,60,2025-10-23,2025-10-23 14:09:59,603959.SH,S,6.780,1100
1111,58,2025-10-23,2025-10-23 14:09:57,601929.SH,B,3.570,100
1112,60,2025-10-23,2025-10-23 14:09:55,002155.SZ,B,20.130,300
1113,60,2025-10-23,2025-10-23 14:09:54,601689.SH,B,68.310,300
1114,61,2025-10-23,2025-10-23 14:09:46,002436.SZ,B,18.890,400
1115,49,2025-10-23,2025-10-23 14:09:38,603817.SH,S,6.800,200
1116,49,2025-10-23,2025-10-23 14:09:37,603817.SH,S,6.800,100
1117,49,2025-10-23,2025-10-23 14:09:37,603817.SH,S,6.800,100
1118,49,2025-10-23,2025-10-23 14:09:37,603817.SH,S,6.800,100
1119,49,2025-10-23,2025-10-23 14:09:37,603817.SH,S,6.800,100
1120,49,2025-10-23,2025-10-23 14:09:37,603817.SH,S,6.800,500
1121,59,2025-10-23,2025-10-23 14:09:37,603817.SH,S,6.800,100
1122,59,2025-10-23,2025-10-23 14:09:37,603817.SH,S,6.800,300
1123,59,2025-10-23,2025-10-23 14:09:37,603817.SH,S,6.800,800
1124,59,2025-10-23,2025-10-23 14:09:37,603817.SH,S,6.800,100
1125,59,2025-10-23,2025-10-23 14:09:37,603817.SH,S,6.800,2400
1126,58,2025-10-23,2025-10-23 14:09:38,600170.SH,B,2.890,100
1127,49,2025-10-23,2025-10-23 14:09:38,002291.SZ,B,6.870,600
1128,52,2025-10-23,2025-10-23 14:08:11,300304.SZ,B,11.350,100
1129,52,2025-10-23,2025-10-23 14:09:33,002436.SZ,B,18.900,200
1130,60,2025-10-23,2025-10-23 14:09:32,002475.SZ,B,59.590,100
1131,52,2025-10-23,2025-10-23 14:08:11,300304.SZ,B,11.350,100
1132,52,2025-10-23,2025-10-23 14:09:31,002534.SZ,S,16.440,300
1133,61,2025-10-23,2025-10-23 14:09:24,002436.SZ,B,18.910,200
1134,49,2025-10-23,2025-10-23 14:09:24,300006.SZ,S,4.590,300
1135,61,2025-10-23,2025-10-23 14:09:24,300006.SZ,S,4.590,600
1136,59,2025-10-23,2025-10-23 14:09:24,300006.SZ,S,4.590,300
1137,52,2025-10-23,2025-10-23 14:09:19,002792.SZ,B,17.920,200
1138,58,2025-10-23,2025-10-23 14:09:16,603617.SH,S,7.750,100
1139,60,2025-10-23,2025-10-23 14:09:13,002384.SZ,B,65.340,100
1140,52,2025-10-23,2025-10-23 14:09:11,603429.SH,S,9.930,100
1141,61,2025-10-23,2025-10-23 14:09:05,002534.SZ,S,16.470,500
1142,49,2025-10-23,2025-10-23 14:09:05,002534.SZ,S,16.470,300
1143,59,2025-10-23,2025-10-23 14:09:05,002534.SZ,S,16.470,100
1144,60,2025-10-23,2025-10-23 14:09:04,002384.SZ,B,65.340,100
1145,60,2025-10-23,2025-10-23 14:09:04,002384.SZ,B,65.340,100
1146,60,2025-10-23,2025-10-23 14:09:03,600236.SH,S,7.440,3500
1147,60,2025-10-23,2025-10-23 14:09:01,600236.SH,S,7.440,300
1148,52,2025-10-23,2025-10-23 14:09:00,000598.SZ,B,7.000,200
1149,52,2025-10-23,2025-10-23 14:05:05,603077.SH,B,2.100,200
1150,49,2025-10-23,2025-10-23 14:08:57,600537.SH,B,3.810,200
1151,58,2025-10-23,2025-10-23 14:08:56,002219.SZ,B,2.340,100
1152,58,2025-10-23,2025-10-23 14:08:55,300389.SZ,B,17.090,100
1153,60,2025-10-23,2025-10-23 14:08:53,600236.SH,S,7.440,400
1154,58,2025-10-23,2025-10-23 14:08:53,300006.SZ,S,4.590,600
1155,60,2025-10-23,2025-10-23 14:08:45,600236.SH,S,7.440,700
1156,52,2025-10-23,2025-10-23 14:08:45,002397.SZ,S,3.960,100
1157,52,2025-10-23,2025-10-23 14:08:39,000558.SZ,S,5.390,200
1158,61,2025-10-23,2025-10-23 14:08:39,000751.SZ,B,3.890,200
1159,61,2025-10-23,2025-10-23 14:08:39,000751.SZ,B,3.890,100
1160,52,2025-10-23,2025-10-23 14:08:39,002163.SZ,B,10.740,200
1161,60,2025-10-23,2025-10-23 14:08:29,600400.SH,S,2.720,400
1162,61,2025-10-23,2025-10-23 14:08:26,301511.SZ,B,32.260,200
1163,49,2025-10-23,2025-10-23 14:08:23,600635.SH,B,7.240,200
1164,58,2025-10-23,2025-10-23 14:08:24,002384.SZ,B,65.340,100
1165,61,2025-10-23,2025-10-23 14:08:17,002506.SZ,B,2.470,300
1166,58,2025-10-23,2025-10-23 14:08:16,003016.SZ,S,8.290,300
1167,58,2025-10-23,2025-10-23 14:08:16,003016.SZ,S,8.290,200
1168,49,2025-10-23,2025-10-23 14:08:16,002638.SZ,S,2.750,1100
1169,61,2025-10-23,2025-10-23 14:08:16,002638.SZ,S,2.750,2000
1170,60,2025-10-23,2025-10-23 14:08:16,002638.SZ,S,2.750,3400
1171,58,2025-10-23,2025-10-23 14:08:15,003016.SZ,S,8.290,600
1172,49,2025-10-23,2025-10-23 14:08:12,601968.SH,B,5.390,66
1173,49,2025-10-23,2025-10-23 14:08:12,601968.SH,B,5.390,134
1174,60,2025-10-23,2025-10-23 14:08:12,002156.SZ,B,39.460,100
1175,59,2025-10-23,2025-10-23 14:08:13,002638.SZ,S,2.750,800
1176,60,2025-10-23,2025-10-23 14:08:12,601992.SH,S,1.760,3800
1177,52,2025-10-23,2025-10-23 14:08:11,300497.SZ,B,10.230,100
1178,52,2025-10-23,2025-10-23 14:08:11,300497.SZ,B,10.230,100
1179,52,2025-10-23,2025-10-23 14:01:20,002622.SZ,S,3.270,100
1180,52,2025-10-23,2025-10-23 14:08:10,603798.SH,B,15.260,200
1181,52,2025-10-23,2025-10-23 14:08:04,002870.SZ,S,39.210,100
1182,61,2025-10-23,2025-10-23 14:08:03,301511.SZ,B,32.210,200
1183,52,2025-10-23,2025-10-23 14:08:01,603329.SH,S,12.050,100
1184,52,2025-10-23,2025-10-23 14:01:20,300006.SZ,S,4.580,200
1185,49,2025-10-23,2025-10-23 14:07:42,000567.SZ,B,6.840,200
1186,60,2025-10-23,2025-10-23 14:07:23,300433.SZ,B,28.660,100
1187,60,2025-10-23,2025-10-23 14:07:23,300433.SZ,B,28.660,100
1188,61,2025-10-23,2025-10-23 14:07:20,300501.SZ,S,15.560,100
1189,59,2025-10-23,2025-10-23 14:07:19,300501.SZ,S,15.560,100
1190,60,2025-10-23,2025-10-23 14:07:18,002156.SZ,B,39.400,124
1191,60,2025-10-23,2025-10-23 14:07:16,300684.SZ,B,42.240,200
1192,52,2025-10-23,2025-10-23 14:07:14,000703.SZ,S,6.970,300
1193,60,2025-10-23,2025-10-23 14:07:14,601825.SH,S,8.800,900
1194,49,2025-10-23,2025-10-23 14:07:10,002782.SZ,B,16.700,100
1195,49,2025-10-23,2025-10-23 14:07:11,300438.SZ,B,34.110,200
1196,49,2025-10-23,2025-10-23 14:07:10,002782.SZ,B,16.700,100
1197,52,2025-10-23,2025-10-23 14:07:10,300501.SZ,S,15.560,100
1198,58,2025-10-23,2025-10-23 14:07:09,002436.SZ,B,18.890,400
1199,59,2025-10-23,2025-10-23 14:07:07,002436.SZ,B,18.890,600
1200,49,2025-10-23,2025-10-23 14:07:01,600658.SH,B,5.910,200
1201,49,2025-10-23,2025-10-23 14:06:54,601208.SH,B,19.090,200
1202,49,2025-10-23,2025-10-23 14:06:54,601208.SH,B,19.090,600
1203,59,2025-10-23,2025-10-23 14:06:53,601208.SH,B,19.090,400
1204,59,2025-10-23,2025-10-23 14:06:53,601208.SH,B,19.090,600
1205,49,2025-10-23,2025-10-23 14:06:54,002617.SZ,S,8.190,100
1206,60,2025-10-23,2025-10-23 14:06:40,601689.SH,B,68.110,400
1207,49,2025-10-23,2025-10-23 14:06:39,002545.SZ,B,13.630,200
1208,59,2025-10-23,2025-10-23 14:06:40,002998.SZ,S,8.470,43
1209,59,2025-10-23,2025-10-23 14:06:40,002998.SZ,S,8.470,100
1210,59,2025-10-23,2025-10-23 14:06:40,002998.SZ,S,8.470,100
1211,59,2025-10-23,2025-10-23 14:06:40,002998.SZ,S,8.470,100
1212,59,2025-10-23,2025-10-23 14:06:40,002998.SZ,S,8.470,57
1213,52,2025-10-23,2025-10-23 14:06:38,300464.SZ,B,6.820,200
1214,49,2025-10-23,2025-10-23 14:06:38,002998.SZ,S,8.470,400
1215,61,2025-10-23,2025-10-23 14:06:38,002998.SZ,S,8.470,800
1216,52,2025-10-23,2025-10-23 14:03:52,000882.SZ,B,2.030,200
1217,52,2025-10-23,2025-10-23 14:06:25,002858.SZ,S,15.050,100
1218,49,2025-10-23,2025-10-23 14:06:14,603037.SH,B,14.180,100
1219,49,2025-10-23,2025-10-23 14:06:14,603037.SH,B,14.180,100
1220,49,2025-10-23,2025-10-23 14:06:13,300229.SZ,B,19.410,200
1221,52,2025-10-23,2025-10-23 14:06:14,300541.SZ,B,15.880,200
1222,60,2025-10-23,2025-10-23 14:06:14,001330.SZ,S,6.110,100
1223,60,2025-10-23,2025-10-23 14:06:14,001330.SZ,S,6.110,100
1224,60,2025-10-23,2025-10-23 14:06:14,001330.SZ,S,6.110,200
1225,60,2025-10-23,2025-10-23 14:06:14,001330.SZ,S,6.110,300
1226,60,2025-10-23,2025-10-23 14:06:13,001330.SZ,S,6.110,100
1227,60,2025-10-23,2025-10-23 14:06:13,001330.SZ,S,6.110,200
1228,59,2025-10-23,2025-10-23 14:06:05,601208.SH,B,19.080,300
1229,61,2025-10-23,2025-10-23 14:06:05,601208.SH,B,19.070,600
1230,49,2025-10-23,2025-10-23 14:06:05,601208.SH,B,19.070,200
1231,49,2025-10-23,2025-10-23 14:06:03,600415.SH,B,18.240,200
1232,49,2025-10-23,2025-10-23 14:06:02,002547.SZ,S,5.040,100
1233,52,2025-10-23,2025-10-23 14:05:57,301511.SZ,B,32.140,200
1234,61,2025-10-23,2025-10-23 14:05:59,301511.SZ,B,32.150,100
1235,61,2025-10-23,2025-10-23 14:05:57,301511.SZ,B,32.150,100
1236,52,2025-10-23,2025-10-23 14:05:45,000035.SZ,S,5.720,100
1237,52,2025-10-23,2025-10-23 14:05:45,002246.SZ,S,18.540,100
1238,49,2025-10-23,2025-10-23 14:05:44,600496.SH,B,4.040,200
1239,58,2025-10-23,2025-10-23 14:05:44,600496.SH,B,4.040,100
1240,58,2025-10-23,2025-10-23 14:05:42,601208.SH,B,19.070,400
1241,58,2025-10-23,2025-10-23 14:05:42,601208.SH,B,19.070,600
1242,58,2025-10-23,2025-10-23 14:05:39,603300.SH,B,7.000,100
1243,58,2025-10-23,2025-10-23 14:05:37,002291.SZ,B,6.860,1400
1244,52,2025-10-23,2025-10-23 14:05:37,002291.SZ,B,6.860,1200
1245,52,2025-10-23,2025-10-23 14:05:36,603283.SH,S,43.400,100
1246,52,2025-10-23,2025-10-23 14:04:48,603300.SH,S,7.010,100
1247,49,2025-10-23,2025-10-23 14:05:35,300444.SZ,B,8.110,200
1248,58,2025-10-23,2025-10-23 14:05:33,002772.SZ,B,10.760,100
1249,52,2025-10-23,2025-10-23 14:05:33,600996.SH,S,9.390,100
1250,52,2025-10-23,2025-10-23 14:04:31,300448.SZ,S,6.990,100
1251,61,2025-10-23,2025-10-23 14:05:30,002842.SZ,S,10.370,500
1252,49,2025-10-23,2025-10-23 14:05:30,002842.SZ,S,10.370,200
1253,58,2025-10-23,2025-10-23 14:05:30,002842.SZ,S,10.370,300
1254,59,2025-10-23,2025-10-23 14:05:30,002842.SZ,S,10.370,100
1255,52,2025-10-23,2025-10-23 14:04:34,002842.SZ,S,10.370,100
1256,58,2025-10-23,2025-10-23 14:05:28,603030.SH,B,3.270,100
1257,58,2025-10-23,2025-10-23 14:05:27,603817.SH,S,6.810,3200
1258,52,2025-10-23,2025-10-23 14:03:18,600868.SH,B,2.950,200
1259,49,2025-10-23,2025-10-23 14:05:22,600337.SH,B,2.290,200
1260,52,2025-10-23,2025-10-23 14:03:31,600337.SH,B,2.290,200
1261,60,2025-10-23,2025-10-23 14:05:16,002637.SZ,S,10.830,200
1262,60,2025-10-23,2025-10-23 14:05:09,600067.SH,B,3.460,100
1263,58,2025-10-23,2025-10-23 14:05:09,601908.SH,B,3.980,100
1264,49,2025-10-23,2025-10-23 14:05:03,603077.SH,S,2.100,100
1265,58,2025-10-23,2025-10-23 14:04:58,000630.SZ,B,5.390,100
1266,52,2025-10-23,2025-10-23 14:04:45,603626.SH,S,12.410,100
1267,49,2025-10-23,2025-10-23 14:04:48,000633.SZ,B,6.690,200
1268,61,2025-10-23,2025-10-23 14:04:45,002723.SZ,S,7.940,100
1269,49,2025-10-23,2025-10-23 14:04:45,002723.SZ,S,7.940,100
1270,60,2025-10-23,2025-10-23 14:04:44,600418.SH,S,49.980,100
1271,52,2025-10-23,2025-10-23 14:04:40,600641.SH,S,19.110,200
1272,49,2025-10-23,2025-10-23 14:04:38,000017.SZ,S,7.110,400
1273,61,2025-10-23,2025-10-23 14:04:38,000017.SZ,S,7.110,900
1274,59,2025-10-23,2025-10-23 14:04:38,000017.SZ,S,7.110,400
1275,52,2025-10-23,2025-10-23 14:04:37,000017.SZ,S,7.110,300
1276,52,2025-10-23,2025-10-23 14:04:37,002998.SZ,S,8.480,200
1277,60,2025-10-23,2025-10-23 14:04:31,601126.SH,S,25.490,600
1278,58,2025-10-23,2025-10-23 14:04:31,002723.SZ,S,7.940,100
1279,49,2025-10-23,2025-10-23 14:04:17,601515.SH,B,4.750,200
1280,61,2025-10-23,2025-10-23 14:04:16,300289.SZ,B,7.910,300
1281,49,2025-10-23,2025-10-23 14:04:13,300304.SZ,S,11.340,100
1282,58,2025-10-23,2025-10-23 14:04:09,300541.SZ,B,15.890,100
1283,52,2025-10-23,2025-10-23 14:03:46,600728.SH,B,6.530,200
1284,60,2025-10-23,2025-10-23 14:04:06,002384.SZ,B,65.260,300
1285,60,2025-10-23,2025-10-23 14:04:05,002384.SZ,B,65.260,100
1286,58,2025-10-23,2025-10-23 14:04:01,300593.SZ,S,19.680,100
1287,58,2025-10-23,2025-10-23 14:03:57,600067.SH,B,3.460,100
1288,52,2025-10-23,2025-10-23 14:03:56,600537.SH,B,3.800,200
1289,60,2025-10-23,2025-10-23 14:03:54,002813.SZ,S,27.850,400
1290,52,2025-10-23,2025-10-23 14:03:48,002664.SZ,B,29.430,200
1291,49,2025-10-23,2025-10-23 14:03:44,601975.SH,B,3.210,200
1292,52,2025-10-23,2025-10-23 14:03:39,601975.SH,B,3.210,100
1293,52,2025-10-23,2025-10-23 14:03:39,601975.SH,B,3.210,100
1294,52,2025-10-23,2025-10-23 14:03:43,300890.SZ,S,34.150,100
1295,52,2025-10-23,2025-10-23 14:03:33,003016.SZ,S,8.300,700
1296,49,2025-10-23,2025-10-23 14:03:31,002206.SZ,B,6.110,200
1297,58,2025-10-23,2025-10-23 14:03:23,002998.SZ,S,8.470,400
1298,58,2025-10-23,2025-10-23 14:03:23,002998.SZ,S,8.470,300
1299,60,2025-10-23,2025-10-23 14:03:20,600111.SH,B,49.300,200
1300,58,2025-10-23,2025-10-23 14:03:21,002237.SZ,B,12.780,100
1301,58,2025-10-23,2025-10-23 14:03:20,300475.SZ,B,103.760,100
1302,59,2025-10-23,2025-10-23 14:03:15,002291.SZ,B,6.850,1300
1303,58,2025-10-23,2025-10-23 14:03:14,600470.SH,B,6.080,100
1304,49,2025-10-23,2025-10-23 14:03:15,002291.SZ,B,6.850,100
1305,49,2025-10-23,2025-10-23 14:03:13,002291.SZ,B,6.850,1000
1306,49,2025-10-23,2025-10-23 14:03:10,002674.SZ,B,13.930,200
1307,49,2025-10-23,2025-10-23 14:03:11,600470.SH,S,6.080,100
1308,49,2025-10-23,2025-10-23 14:03:09,301511.SZ,B,31.970,300
1309,58,2025-10-23,2025-10-23 14:03:07,300448.SZ,B,6.970,100
1310,49,2025-10-23,2025-10-23 14:03:06,601908.SH,S,3.980,100
1311,49,2025-10-23,2025-10-23 14:03:06,600152.SH,S,6.630,100
1312,60,2025-10-23,2025-10-23 14:02:44,601689.SH,B,67.960,600
1313,58,2025-10-23,2025-10-23 14:02:42,000758.SZ,B,6.740,100
1314,60,2025-10-23,2025-10-23 14:02:38,601168.SH,B,22.900,100
1315,60,2025-10-23,2025-10-23 14:02:22,300867.SZ,S,19.890,100
1316,60,2025-10-23,2025-10-23 14:02:20,000757.SZ,S,5.750,1200
1317,52,2025-10-23,2025-10-23 14:02:06,000757.SZ,S,5.750,200
1318,58,2025-10-23,2025-10-23 14:02:14,002506.SZ,B,2.460,100
1319,49,2025-10-23,2025-10-23 14:02:11,603617.SH,S,7.740,100
1320,61,2025-10-23,2025-10-23 14:02:11,603617.SH,S,7.740,100
1321,59,2025-10-23,2025-10-23 14:02:11,603617.SH,S,7.740,100
1322,52,2025-10-23,2025-10-23 14:02:08,600635.SH,S,7.260,100
1323,61,2025-10-23,2025-10-23 14:02:07,003016.SZ,S,8.300,1000
1324,49,2025-10-23,2025-10-23 14:02:07,003016.SZ,S,8.300,700
1325,59,2025-10-23,2025-10-23 14:02:07,003016.SZ,S,8.300,500
1326,58,2025-10-23,2025-10-23 14:02:04,000017.SZ,S,7.130,600
1327,58,2025-10-23,2025-10-23 14:01:45,601619.SH,B,4.430,100
1328,61,2025-10-23,2025-10-23 14:01:44,000558.SZ,S,5.400,700
1329,49,2025-10-23,2025-10-23 14:01:44,000558.SZ,S,5.400,400
1330,59,2025-10-23,2025-10-23 14:01:44,000558.SZ,S,5.400,300
1331,58,2025-10-23,2025-10-23 14:01:40,000928.SZ,B,6.720,100
1332,58,2025-10-23,2025-10-23 14:01:40,300055.SZ,B,7.030,100
1333,58,2025-10-23,2025-10-23 14:01:34,002534.SZ,S,16.480,200
1334,58,2025-10-23,2025-10-23 14:01:34,002534.SZ,S,16.480,200
1335,60,2025-10-23,2025-10-23 14:01:32,600460.SH,S,29.970,400
1336,61,2025-10-23,2025-10-23 14:01:33,600496.SH,S,4.030,200
1337,60,2025-10-23,2025-10-23 14:01:31,600496.SH,S,4.030,200
1338,60,2025-10-23,2025-10-23 14:01:31,600496.SH,S,4.030,100
1339,60,2025-10-23,2025-10-23 14:01:31,600496.SH,S,4.030,200
1340,60,2025-10-23,2025-10-23 14:01:30,600496.SH,S,4.030,100
1341,60,2025-10-23,2025-10-23 14:01:30,600496.SH,S,4.030,100
1342,60,2025-10-23,2025-10-23 14:01:30,600496.SH,S,4.030,200
1343,60,2025-10-23,2025-10-23 14:01:30,600496.SH,S,4.030,200
1344,60,2025-10-23,2025-10-23 14:01:30,600496.SH,S,4.030,100
1345,58,2025-10-23,2025-10-23 14:01:24,002345.SZ,S,12.670,100
1346,49,2025-10-23,2025-10-23 14:01:24,002345.SZ,S,12.670,200
1347,61,2025-10-23,2025-10-23 14:01:21,600641.SH,S,19.080,100
1348,52,2025-10-23,2025-10-23 14:01:20,600496.SH,B,4.030,200
1349,60,2025-10-23,2025-10-23 14:01:19,601727.SH,S,9.060,500
1350,52,2025-10-23,2025-10-23 14:01:20,000402.SZ,S,3.140,100
1351,49,2025-10-23,2025-10-23 14:01:17,600712.SH,B,7.010,200
1352,49,2025-10-23,2025-10-23 14:01:17,600868.SH,B,2.950,200
1353,61,2025-10-23,2025-10-23 14:01:17,600868.SH,B,2.950,300
1354,61,2025-10-23,2025-10-23 14:01:17,600470.SH,B,6.090,300
1355,49,2025-10-23,2025-10-23 14:01:17,601778.SH,S,3.500,100
1356,58,2025-10-23,2025-10-23 14:01:18,600231.SH,B,2.420,100
1357,60,2025-10-23,2025-10-23 13:58:30,601992.SH,S,1.750,4700
1358,60,2025-10-23,2025-10-23 13:58:30,600221.SH,B,1.690,100
1359,60,2025-10-23,2025-10-23 13:58:30,601018.SH,B,3.850,100
1360,58,2025-10-23,2025-10-23 13:58:30,600022.SH,B,1.650,100
1361,52,2025-10-23,2025-10-23 13:58:30,002219.SZ,S,2.320,100
1362,52,2025-10-23,2025-10-23 13:58:30,000402.SZ,B,3.140,200
1363,60,2025-10-23,2025-10-23 13:58:26,002938.SZ,B,49.680,200
1364,60,2025-10-23,2025-10-23 13:58:26,002938.SZ,B,49.680,100
1365,49,2025-10-23,2025-10-23 13:58:18,600149.SH,S,5.740,100
1366,61,2025-10-23,2025-10-23 13:58:16,300684.SZ,B,42.240,100
1367,61,2025-10-23,2025-10-23 13:58:16,300684.SZ,B,42.240,100
1368,61,2025-10-23,2025-10-23 13:58:16,300684.SZ,B,42.240,100
1369,61,2025-10-23,2025-10-23 13:58:16,300684.SZ,B,42.240,100
1370,60,2025-10-23,2025-10-23 13:58:16,600167.SH,S,8.710,800
1371,61,2025-10-23,2025-10-23 13:58:16,300684.SZ,B,42.240,100
1372,61,2025-10-23,2025-10-23 13:58:15,603959.SH,S,6.760,500
1373,49,2025-10-23,2025-10-23 13:58:15,300684.SZ,B,42.240,200
1374,61,2025-10-23,2025-10-23 13:58:13,600149.SH,S,5.740,200
1375,61,2025-10-23,2025-10-23 13:58:13,600149.SH,S,5.740,100
1376,61,2025-10-23,2025-10-23 13:58:13,600149.SH,S,5.740,300
1377,61,2025-10-23,2025-10-23 13:58:13,600149.SH,S,5.740,200
1378,58,2025-10-23,2025-10-23 13:58:13,603817.SH,S,6.800,500
1379,60,2025-10-23,2025-10-23 13:58:11,601628.SH,B,44.180,100
1380,60,2025-10-23,2025-10-23 13:58:09,301607.SZ,S,43.020,100
1381,52,2025-10-23,2025-10-23 13:58:09,603839.SH,S,9.270,200
1382,61,2025-10-23,2025-10-23 13:58:07,600149.SH,S,5.740,900
1383,61,2025-10-23,2025-10-23 13:58:07,600759.SH,S,2.450,1400
1384,60,2025-10-23,2025-10-23 13:58:07,002638.SZ,S,2.750,600
1385,49,2025-10-23,2025-10-23 13:58:07,600759.SH,S,2.450,700
1386,60,2025-10-23,2025-10-23 13:58:07,002638.SZ,S,2.750,100
1387,49,2025-10-23,2025-10-23 13:58:07,002638.SZ,B,2.760,200
1388,60,2025-10-23,2025-10-23 13:58:07,002638.SZ,S,2.750,700
1389,59,2025-10-23,2025-10-23 13:58:07,600759.SH,S,2.450,600
1390,52,2025-10-23,2025-10-23 13:58:08,688403.SH,B,15.540,200
1391,58,2025-10-23,2025-10-23 13:58:07,601616.SH,B,4.180,100
1392,58,2025-10-23,2025-10-23 13:58:07,601618.SH,B,3.650,100
1393,58,2025-10-23,2025-10-23 13:58:07,600470.SH,B,6.090,100
1394,61,2025-10-23,2025-10-23 13:58:06,600706.SH,S,10.330,100
1395,52,2025-10-23,2025-10-23 13:58:07,601908.SH,B,3.980,200
1396,52,2025-10-23,2025-10-23 13:58:06,688403.SH,B,15.540,200
1397,52,2025-10-23,2025-10-23 13:58:06,002706.SZ,S,10.910,200
1398,52,2025-10-23,2025-10-23 13:58:06,600303.SH,S,3.940,100
1399,52,2025-10-23,2025-10-23 13:58:03,600330.SH,B,10.280,100
1400,60,2025-10-23,2025-10-23 13:58:04,601088.SH,S,42.200,100
1401,61,2025-10-23,2025-10-23 13:58:03,603429.SH,S,9.860,300
1402,60,2025-10-23,2025-10-23 13:58:03,601088.SH,S,42.200,100
1403,60,2025-10-23,2025-10-23 13:58:03,601088.SH,S,42.200,900
1404,49,2025-10-23,2025-10-23 13:58:03,603429.SH,S,9.860,100
1405,59,2025-10-23,2025-10-23 13:58:02,603429.SH,S,9.860,100
1406,49,2025-10-23,2025-10-23 13:58:03,600149.SH,S,5.750,300
1407,49,2025-10-23,2025-10-23 13:58:02,600149.SH,S,5.750,100
1408,49,2025-10-23,2025-10-23 13:58:01,600149.SH,S,5.750,300
1409,58,2025-10-23,2025-10-23 13:58:00,000955.SZ,B,5.530,100
1410,49,2025-10-23,2025-10-23 13:57:59,300684.SZ,B,42.220,200
1411,61,2025-10-23,2025-10-23 13:57:58,688403.SH,B,15.540,101
1412,61,2025-10-23,2025-10-23 13:57:58,688403.SH,B,15.540,200
1413,61,2025-10-23,2025-10-23 13:57:58,688403.SH,B,15.530,200
1414,61,2025-10-23,2025-10-23 13:57:58,688403.SH,B,15.530,200
1415,61,2025-10-23,2025-10-23 13:57:58,688403.SH,B,15.530,200
1416,61,2025-10-23,2025-10-23 13:57:58,688403.SH,B,15.530,600
1417,61,2025-10-23,2025-10-23 13:57:58,688403.SH,B,15.530,200
1418,61,2025-10-23,2025-10-23 13:57:58,688403.SH,B,15.530,200
1419,61,2025-10-23,2025-10-23 13:57:58,688403.SH,B,15.530,200
1420,61,2025-10-23,2025-10-23 13:57:58,688403.SH,B,15.530,200
1421,61,2025-10-23,2025-10-23 13:57:58,688403.SH,B,15.530,200
1422,61,2025-10-23,2025-10-23 13:57:58,688403.SH,B,15.530,1286
1423,58,2025-10-23,2025-10-23 13:57:58,300684.SZ,B,42.220,100
1424,61,2025-10-23,2025-10-23 13:57:57,603817.SH,S,6.790,500
1425,61,2025-10-23,2025-10-23 13:57:57,603817.SH,S,6.790,500
1426,61,2025-10-23,2025-10-23 13:57:57,603817.SH,S,6.790,500
1427,49,2025-10-23,2025-10-23 13:57:57,603817.SH,S,6.800,300
1428,61,2025-10-23,2025-10-23 13:57:57,603817.SH,S,6.790,300
1429,49,2025-10-23,2025-10-23 13:57:57,603817.SH,S,6.800,100
1430,61,2025-10-23,2025-10-23 13:57:57,603817.SH,S,6.790,100
1431,49,2025-10-23,2025-10-23 13:57:57,603817.SH,S,6.800,500
1432,49,2025-10-23,2025-10-23 13:57:57,603817.SH,S,6.800,100
1433,61,2025-10-23,2025-10-23 13:57:57,603817.SH,S,6.800,300
1434,49,2025-10-23,2025-10-23 13:57:57,603817.SH,S,6.800,100
1435,59,2025-10-23,2025-10-23 13:57:57,603817.SH,S,6.790,200
1436,59,2025-10-23,2025-10-23 13:57:57,603817.SH,S,6.790,300
1437,59,2025-10-23,2025-10-23 13:57:57,603817.SH,S,6.790,300
1438,60,2025-10-23,2025-10-23 13:57:56,601816.SH,B,5.240,100
1439,58,2025-10-23,2025-10-23 13:57:56,603077.SH,B,2.100,100
1440,58,2025-10-23,2025-10-23 13:57:56,300684.SZ,B,42.220,100
1441,58,2025-10-23,2025-10-23 13:57:56,300575.SZ,S,6.510,400
1442,61,2025-10-23,2025-10-23 13:57:56,601618.SH,B,3.640,300
1443,52,2025-10-23,2025-10-23 13:57:56,600527.SH,S,2.350,100
1444,52,2025-10-23,2025-10-23 13:57:56,300684.SZ,B,42.220,200
1445,59,2025-10-23,2025-10-23 13:57:50,600149.SH,S,5.750,600
1446,52,2025-10-23,2025-10-23 13:55:50,600149.SH,S,5.750,500
1447,61,2025-10-23,2025-10-23 13:57:48,000778.SZ,S,3.940,100
1448,49,2025-10-23,2025-10-23 13:57:48,000778.SZ,S,3.940,100
1449,58,2025-10-23,2025-10-23 13:57:48,600706.SH,S,10.330,100
1450,58,2025-10-23,2025-10-23 13:57:45,002239.SZ,B,3.130,100
1451,60,2025-10-23,2025-10-23 13:57:44,600050.SH,B,5.520,100
1452,49,2025-10-23,2025-10-23 13:57:44,601619.SH,B,4.420,200
1453,61,2025-10-23,2025-10-23 13:57:44,002723.SZ,S,7.930,600
1454,49,2025-10-23,2025-10-23 13:57:44,002723.SZ,S,7.930,300
1455,49,2025-10-23,2025-10-23 13:57:43,002506.SZ,B,2.460,200
1456,59,2025-10-23,2025-10-23 13:57:44,002723.SZ,S,7.930,300
1457,58,2025-10-23,2025-10-23 13:57:40,002358.SZ,B,5.070,100
1458,52,2025-10-23,2025-10-23 13:57:16,600330.SH,B,10.270,400
1459,61,2025-10-23,2025-10-23 13:57:37,600601.SH,B,10.500,1800
1460,49,2025-10-23,2025-10-23 13:57:37,600601.SH,B,10.500,500
1461,59,2025-10-23,2025-10-23 13:57:37,600601.SH,B,10.500,600
1462,58,2025-10-23,2025-10-23 13:57:37,300006.SZ,S,4.570,500
1463,52,2025-10-23,2025-10-23 13:56:00,002246.SZ,B,18.460,200
1464,59,2025-10-23,2025-10-23 13:57:20,600330.SH,B,10.270,700
1465,49,2025-10-23,2025-10-23 13:57:20,600330.SH,B,10.270,500
1466,52,2025-10-23,2025-10-23 13:55:48,002701.SZ,S,6.070,1300
1467,52,2025-10-23,2025-10-23 13:55:42,603051.SH,S,21.290,100
1468,52,2025-10-23,2025-10-23 13:57:08,600641.SH,B,19.060,400
1469,52,2025-10-23,2025-10-23 13:54:06,603626.SH,B,12.390,200
1470,49,2025-10-23,2025-10-23 13:57:04,601908.SH,B,3.980,200
1471,58,2025-10-23,2025-10-23 13:56:50,603051.SH,S,21.290,100
1472,52,2025-10-23,2025-10-23 13:49:45,000679.SZ,S,8.420,200
1473,58,2025-10-23,2025-10-23 13:56:35,000679.SZ,S,8.420,500
1474,58,2025-10-23,2025-10-23 13:56:25,002679.SZ,S,10.960,100
1475,61,2025-10-23,2025-10-23 13:56:22,600531.SH,B,12.460,300
1476,58,2025-10-23,2025-10-23 13:56:16,300684.SZ,B,42.140,100
1477,58,2025-10-23,2025-10-23 13:56:12,002631.SZ,B,5.470,100
1478,58,2025-10-23,2025-10-23 13:56:13,600103.SH,B,3.550,100
1479,58,2025-10-23,2025-10-23 13:56:09,300684.SZ,B,42.130,100
1480,61,2025-10-23,2025-10-23 13:56:08,300707.SZ,S,15.470,100
1481,49,2025-10-23,2025-10-23 13:56:08,300707.SZ,S,15.470,100
1482,59,2025-10-23,2025-10-23 13:56:08,300707.SZ,S,15.470,100
1483,61,2025-10-23,2025-10-23 13:56:03,002998.SZ,S,8.460,100
1484,61,2025-10-23,2025-10-23 13:55:58,002813.SZ,S,27.490,100
1485,49,2025-10-23,2025-10-23 13:55:58,002813.SZ,S,27.490,100
1486,61,2025-10-23,2025-10-23 13:55:58,002813.SZ,S,27.490,100
1487,59,2025-10-23,2025-10-23 13:55:58,002813.SZ,S,27.490,100
1488,61,2025-10-23,2025-10-23 13:55:48,002701.SZ,S,6.060,2300
1489,49,2025-10-23,2025-10-23 13:55:48,002701.SZ,S,6.060,400
1490,49,2025-10-23,2025-10-23 13:55:48,002701.SZ,S,6.060,700
1491,60,2025-10-23,2025-10-23 13:55:48,002701.SZ,S,6.060,1000
1492,60,2025-10-23,2025-10-23 13:55:48,002701.SZ,S,6.060,800
1493,59,2025-10-23,2025-10-23 13:55:48,002701.SZ,S,6.060,900
1494,58,2025-10-23,2025-10-23 13:55:43,603617.SH,S,7.730,100
1495,58,2025-10-23,2025-10-23 13:55:41,001330.SZ,S,6.130,700
1496,60,2025-10-23,2025-10-23 13:55:42,600236.SH,B,7.400,100
1497,61,2025-10-23,2025-10-23 13:55:34,002813.SZ,S,27.490,100
1498,49,2025-10-23,2025-10-23 13:55:33,000017.SZ,S,7.060,100
1499,61,2025-10-23,2025-10-23 13:55:33,000017.SZ,S,7.060,300
1500,58,2025-10-23,2025-10-23 13:55:30,600868.SH,B,2.950,100
1501,49,2025-10-23,2025-10-23 13:55:29,300575.SZ,S,6.520,300
1502,61,2025-10-23,2025-10-23 13:55:29,300575.SZ,S,6.520,600
1503,52,2025-10-23,2025-10-23 13:55:01,300493.SZ,S,19.530,100
1504,52,2025-10-23,2025-10-23 13:55:27,000887.SZ,S,21.110,100
1505,61,2025-10-23,2025-10-23 13:55:26,002384.SZ,S,65.160,100
1506,58,2025-10-23,2025-10-23 13:55:26,600601.SH,B,10.470,100
1507,58,2025-10-23,2025-10-23 13:55:25,002478.SZ,B,6.160,100
1508,58,2025-10-23,2025-10-23 13:55:26,600601.SH,B,10.470,300
1509,60,2025-10-23,2025-10-23 13:55:18,300684.SZ,B,42.140,100
1510,49,2025-10-23,2025-10-23 13:55:16,002131.SZ,S,4.810,100
1511,60,2025-10-23,2025-10-23 13:55:13,000425.SZ,B,11.110,100
1512,52,2025-10-23,2025-10-23 13:55:08,605155.SH,S,15.080,100
1513,61,2025-10-23,2025-10-23 13:55:06,600641.SH,S,19.070,300
1514,49,2025-10-23,2025-10-23 13:55:04,600933.SH,S,21.290,100
1515,61,2025-10-23,2025-10-23 13:55:04,600933.SH,S,21.290,200
1516,60,2025-10-23,2025-10-23 13:55:04,600933.SH,S,21.290,100
1517,52,2025-10-23,2025-10-23 13:52:41,300006.SZ,S,4.570,200
1518,49,2025-10-23,2025-10-23 13:55:03,300055.SZ,B,7.030,200
1519,52,2025-10-23,2025-10-23 13:54:39,603300.SH,B,6.990,200
1520,49,2025-10-23,2025-10-23 13:54:55,300438.SZ,S,33.730,100
1521,60,2025-10-23,2025-10-23 13:54:52,000010.SZ,S,3.870,300
1522,52,2025-10-23,2025-10-23 13:54:41,000559.SZ,B,10.770,200
1523,58,2025-10-23,2025-10-23 13:54:37,600149.SH,S,5.750,1300
1524,58,2025-10-23,2025-10-23 13:54:35,603429.SH,S,9.880,100
1525,60,2025-10-23,2025-10-23 13:54:31,002298.SZ,S,11.260,300
1526,52,2025-10-23,2025-10-23 13:53:26,603518.SH,S,9.590,100
1527,52,2025-10-23,2025-10-23 13:52:33,002206.SZ,S,6.110,100
1528,59,2025-10-23,2025-10-23 13:54:25,688403.SH,S,15.510,408
1529,49,2025-10-23,2025-10-23 13:54:26,002547.SZ,B,5.030,100
1530,49,2025-10-23,2025-10-23 13:54:25,002547.SZ,B,5.030,100
1531,52,2025-10-23,2025-10-23 13:54:21,000633.SZ,S,6.680,100
1532,52,2025-10-23,2025-10-23 13:54:06,002837.SZ,B,70.100,200
1533,58,2025-10-23,2025-10-23 13:54:14,002121.SZ,S,8.600,100
1534,52,2025-10-23,2025-10-23 13:54:13,600759.SH,S,2.450,400
1535,60,2025-10-23,2025-10-23 13:54:11,002156.SZ,B,39.230,100
1536,61,2025-10-23,2025-10-23 13:54:11,600601.SH,B,10.460,300
1537,61,2025-10-23,2025-10-23 13:54:11,600601.SH,B,10.460,300
1538,58,2025-10-23,2025-10-23 13:54:11,600601.SH,B,10.460,600
1539,58,2025-10-23,2025-10-23 13:54:09,600330.SH,B,10.270,1700
1540,61,2025-10-23,2025-10-23 13:54:08,600601.SH,B,10.460,300
1541,60,2025-10-23,2025-10-23 13:54:08,600496.SH,S,4.030,1400
1542,59,2025-10-23,2025-10-23 13:54:08,600601.SH,B,10.470,800
1543,52,2025-10-23,2025-10-23 13:54:07,600601.SH,B,10.470,300
1544,61,2025-10-23,2025-10-23 13:54:06,600601.SH,B,10.470,800
1545,49,2025-10-23,2025-10-23 13:54:06,600601.SH,B,10.470,700
1546,58,2025-10-23,2025-10-23 13:54:07,603429.SH,S,9.880,100
1547,58,2025-10-23,2025-10-23 13:54:06,300684.SZ,B,42.180,100
1548,60,2025-10-23,2025-10-23 13:54:06,600895.SH,B,44.040,200
1549,52,2025-10-23,2025-10-23 13:54:03,600531.SH,B,12.420,200
1550,52,2025-10-23,2025-10-23 13:53:43,603798.SH,S,15.180,100
1551,49,2025-10-23,2025-10-23 13:54:04,600330.SH,B,10.260,900
1552,58,2025-10-23,2025-10-23 13:54:03,002501.SZ,B,2.390,100
1553,59,2025-10-23,2025-10-23 13:54:04,300575.SZ,S,6.520,200
1554,61,2025-10-23,2025-10-23 13:54:00,600601.SH,B,10.460,400
1555,61,2025-10-23,2025-10-23 13:54:00,600601.SH,B,10.460,1600
1556,61,2025-10-23,2025-10-23 13:54:00,600601.SH,B,10.460,100
1557,61,2025-10-23,2025-10-23 13:54:00,600601.SH,B,10.460,200
1558,52,2025-10-23,2025-10-23 13:53:52,300575.SZ,S,6.520,100
1559,58,2025-10-23,2025-10-23 13:53:52,000558.SZ,S,5.400,100
1560,60,2025-10-23,2025-10-23 13:53:48,603421.SH,S,7.350,600
1561,52,2025-10-23,2025-10-23 13:53:39,002723.SZ,S,7.930,100
1562,60,2025-10-23,2025-10-23 13:53:43,603421.SH,S,7.350,200
1563,61,2025-10-23,2025-10-23 13:53:41,600641.SH,S,19.090,300
1564,58,2025-10-23,2025-10-23 13:53:41,603839.SH,S,9.260,500
1565,49,2025-10-23,2025-10-23 13:53:41,603798.SH,S,15.170,200
1566,52,2025-10-23,2025-10-23 13:53:37,300585.SZ,S,19.050,100
1567,61,2025-10-23,2025-10-23 13:53:36,300517.SZ,S,12.090,100
1568,59,2025-10-23,2025-10-23 13:53:32,600330.SH,B,10.250,1000
1569,61,2025-10-23,2025-10-23 13:53:28,002688.SZ,S,6.610,200
1570,49,2025-10-23,2025-10-23 13:53:22,002706.SZ,S,10.900,100
1571,61,2025-10-23,2025-10-23 13:53:22,002706.SZ,S,10.900,500
1572,61,2025-10-23,2025-10-23 13:53:21,000833.SZ,S,14.990,300
1573,49,2025-10-23,2025-10-23 13:53:21,000833.SZ,S,14.990,200
1574,60,2025-10-23,2025-10-23 13:53:21,000833.SZ,S,14.990,500
1575,59,2025-10-23,2025-10-23 13:53:21,000833.SZ,S,14.990,100
1576,59,2025-10-23,2025-10-23 13:53:20,600330.SH,B,10.250,100
1577,58,2025-10-23,2025-10-23 13:53:16,000833.SZ,S,14.990,200
1578,52,2025-10-23,2025-10-23 13:52:40,603037.SH,S,14.210,100
1579,60,2025-10-23,2025-10-23 13:53:01,600167.SH,S,8.720,1100
1580,58,2025-10-23,2025-10-23 13:52:57,603798.SH,S,15.190,200
1581,58,2025-10-23,2025-10-23 13:52:50,002701.SZ,S,6.070,500
1582,58,2025-10-23,2025-10-23 13:52:49,002701.SZ,S,6.070,900
1583,58,2025-10-23,2025-10-23 13:52:49,002701.SZ,S,6.070,300
1584,52,2025-10-23,2025-10-23 13:52:37,603817.SH,S,6.810,600
1585,58,2025-10-23,2025-10-23 13:52:47,002701.SZ,S,6.070,100
1586,61,2025-10-23,2025-10-23 13:52:45,600667.SH,S,8.370,1000
1587,49,2025-10-23,2025-10-23 13:52:38,600667.SH,S,8.370,400
1588,52,2025-10-23,2025-10-23 13:52:31,601399.SH,S,3.610,100
1589,61,2025-10-23,2025-10-23 13:52:36,603959.SH,S,6.760,800
1590,49,2025-10-23,2025-10-23 13:52:36,603959.SH,S,6.760,700
1591,59,2025-10-23,2025-10-23 13:52:36,603959.SH,S,6.760,500
1592,58,2025-10-23,2025-10-23 13:52:36,603959.SH,S,6.760,1000
1593,52,2025-10-23,2025-10-23 13:52:33,603959.SH,S,6.760,500
1594,61,2025-10-23,2025-10-23 13:52:34,300006.SZ,S,4.570,800
1595,49,2025-10-23,2025-10-23 13:52:34,300006.SZ,S,4.570,400
1596,59,2025-10-23,2025-10-23 13:52:34,000017.SZ,S,7.060,100
1597,59,2025-10-23,2025-10-23 13:52:34,300006.SZ,S,4.570,300
1598,58,2025-10-23,2025-10-23 13:52:33,002723.SZ,S,7.930,400
1599,58,2025-10-23,2025-10-23 13:52:28,603817.SH,S,6.810,1200
1600,61,2025-10-23,2025-10-23 13:52:27,603798.SH,S,15.190,300
1601,58,2025-10-23,2025-10-23 13:52:25,600330.SH,B,10.260,700
1602,59,2025-10-23,2025-10-23 13:52:24,603798.SH,S,15.190,200
1603,52,2025-10-23,2025-10-23 13:52:24,603329.SH,B,12.080,200
1604,58,2025-10-23,2025-10-23 13:52:19,600759.SH,S,2.450,1100
1605,58,2025-10-23,2025-10-23 13:52:19,000757.SZ,S,5.740,800
1606,52,2025-10-23,2025-10-23 13:52:12,000531.SZ,S,6.920,100
1607,61,2025-10-23,2025-10-23 13:52:13,600667.SH,S,8.370,400
1608,60,2025-10-23,2025-10-23 13:52:13,601857.SH,B,9.070,100
1609,52,2025-10-23,2025-10-23 13:51:20,000017.SZ,S,7.060,100
1610,58,2025-10-23,2025-10-23 13:51:50,300354.SZ,B,43.600,100
1611,61,2025-10-23,2025-10-23 13:51:49,600712.SH,S,7.010,100
1612,49,2025-10-23,2025-10-23 13:51:49,600712.SH,S,7.010,100
1613,58,2025-10-23,2025-10-23 13:51:47,300707.SZ,S,15.490,100
1614,58,2025-10-23,2025-10-23 13:51:30,600728.SH,B,6.510,100
1615,58,2025-10-23,2025-10-23 13:51:29,300684.SZ,B,42.120,100
1616,59,2025-10-23,2025-10-23 13:51:29,603839.SH,S,9.270,300
1617,52,2025-10-23,2025-10-23 13:51:29,300517.SZ,S,12.080,100
1618,61,2025-10-23,2025-10-23 13:51:29,603839.SH,S,9.270,500
1619,61,2025-10-23,2025-10-23 13:51:29,603839.SH,S,9.270,200
1620,49,2025-10-23,2025-10-23 13:51:29,603839.SH,S,9.270,100
1621,49,2025-10-23,2025-10-23 13:51:28,603839.SH,S,9.270,100
1622,49,2025-10-23,2025-10-23 13:51:28,603839.SH,S,9.270,100
1623,49,2025-10-23,2025-10-23 13:51:28,603839.SH,S,9.270,100
1624,52,2025-10-23,2025-10-23 13:50:56,603429.SH,S,9.890,100
1625,61,2025-10-23,2025-10-23 13:51:21,603518.SH,S,9.590,400
1626,49,2025-10-23,2025-10-23 13:51:21,603518.SH,S,9.590,200
1627,59,2025-10-23,2025-10-23 13:51:21,603518.SH,S,9.590,200
1628,61,2025-10-23,2025-10-23 13:51:11,002679.SZ,S,10.980,200
1629,61,2025-10-23,2025-10-23 13:51:06,002357.SZ,S,9.860,100
1630,58,2025-10-23,2025-10-23 13:50:58,600337.SH,B,2.280,100
1631,52,2025-10-23,2025-10-23 13:50:56,600521.SH,S,18.360,100
1632,49,2025-10-23,2025-10-23 13:50:54,002436.SZ,B,18.810,200
1633,60,2025-10-23,2025-10-23 13:50:54,002463.SZ,B,67.530,500
1634,60,2025-10-23,2025-10-23 13:50:54,002463.SZ,B,67.530,100
1635,58,2025-10-23,2025-10-23 13:50:50,000017.SZ,S,7.060,200
1636,59,2025-10-23,2025-10-23 13:50:46,002842.SZ,S,10.310,100
1637,58,2025-10-23,2025-10-23 13:50:44,000813.SZ,B,4.170,100
1638,60,2025-10-23,2025-10-23 13:50:43,002938.SZ,B,49.550,400
1639,60,2025-10-23,2025-10-23 13:50:36,002129.SZ,B,8.650,100
1640,61,2025-10-23,2025-10-23 13:50:35,600496.SH,B,4.020,600
