,fund_id,trade_dt,trade_time,s_info_windcode,direction,price,qty
0,61,2025-09-30,2025-09-30 14:56:55,300818.SZ,S,27.660,300
1,63,2025-09-30,2025-09-30 14:56:53,601818.SH,S,3.360,100
2,58,2025-09-30,2025-09-30 14:56:45,300818.SZ,S,27.580,100
3,58,2025-09-30,2025-09-30 14:56:45,300818.SZ,S,27.580,400
4,52,2025-09-30,2025-09-30 14:56:42,300818.SZ,S,27.600,300
5,58,2025-09-30,2025-09-30 14:56:33,600169.SH,B,2.640,200
6,59,2025-09-30,2025-09-30 14:56:30,600157.SH,S,1.630,1800
7,61,2025-09-30,2025-09-30 14:56:30,600157.SH,S,1.630,4700
8,58,2025-09-30,2025-09-30 14:56:30,002335.SZ,B,71.550,200
9,59,2025-09-30,2025-09-30 14:56:29,688277.SH,B,18.360,250
10,59,2025-09-30,2025-09-30 14:56:29,688277.SH,B,18.360,234
11,59,2025-09-30,2025-09-30 14:56:29,688277.SH,B,18.360,200
12,59,2025-09-30,2025-09-30 14:56:29,688277.SH,B,18.360,200
13,59,2025-09-30,2025-09-30 14:56:29,603286.SH,S,44.420,200
14,59,2025-09-30,2025-09-30 14:56:29,688277.SH,B,18.360,33
15,61,2025-09-30,2025-09-30 14:56:26,300570.SZ,B,105.300,100
16,58,2025-09-30,2025-09-30 14:56:25,300818.SZ,S,27.720,200
17,58,2025-09-30,2025-09-30 14:56:25,300818.SZ,S,27.720,100
18,59,2025-09-30,2025-09-30 14:56:24,300818.SZ,S,27.730,100
19,61,2025-09-30,2025-09-30 14:56:23,603286.SH,S,44.430,200
20,59,2025-09-30,2025-09-30 14:56:24,300818.SZ,S,27.730,100
21,61,2025-09-30,2025-09-30 14:56:22,301511.SZ,B,35.870,100
22,58,2025-09-30,2025-09-30 14:56:22,300818.SZ,S,27.730,200
23,61,2025-09-30,2025-09-30 14:56:20,301526.SZ,B,6.270,900
24,61,2025-09-30,2025-09-30 14:56:19,603286.SH,S,44.420,100
25,61,2025-09-30,2025-09-30 14:56:19,603286.SH,S,44.420,200
26,61,2025-09-30,2025-09-30 14:56:18,600326.SH,S,12.200,500
27,59,2025-09-30,2025-09-30 14:56:16,600326.SH,S,12.200,300
28,59,2025-09-30,2025-09-30 14:56:16,002651.SZ,B,11.260,200
29,59,2025-09-30,2025-09-30 14:56:16,002536.SZ,B,24.380,200
30,59,2025-09-30,2025-09-30 14:56:16,600326.SH,S,12.200,100
31,59,2025-09-30,2025-09-30 14:56:16,301526.SZ,B,6.270,700
32,61,2025-09-30,2025-09-30 14:56:16,002815.SZ,B,15.120,300
33,61,2025-09-30,2025-09-30 14:56:15,301526.SZ,B,6.270,900
34,61,2025-09-30,2025-09-30 14:56:15,002651.SZ,B,11.260,600
35,61,2025-09-30,2025-09-30 14:56:15,600326.SH,S,12.200,500
36,59,2025-09-30,2025-09-30 14:56:15,002674.SZ,S,15.580,300
37,63,2025-09-30,2025-09-30 14:56:15,600326.SH,S,12.200,600
38,52,2025-09-30,2025-09-30 14:56:15,300267.SZ,B,3.390,100
39,61,2025-09-30,2025-09-30 14:56:13,002281.SZ,B,66.620,200
40,58,2025-09-30,2025-09-30 14:56:13,002281.SZ,B,66.620,100
41,61,2025-09-30,2025-09-30 14:56:12,300322.SZ,B,23.290,200
42,61,2025-09-30,2025-09-30 14:56:13,300569.SZ,S,6.300,1300
43,52,2025-09-30,2025-09-30 14:56:12,002335.SZ,B,71.570,100
44,58,2025-09-30,2025-09-30 14:56:11,300738.SZ,B,22.120,200
45,58,2025-09-30,2025-09-30 14:56:10,301377.SZ,B,71.710,100
46,58,2025-09-30,2025-09-30 14:56:09,002873.SZ,B,10.700,200
47,52,2025-09-30,2025-09-30 14:56:09,002815.SZ,B,15.110,800
48,63,2025-09-30,2025-09-30 14:56:10,002475.SZ,S,64.640,200
49,61,2025-09-30,2025-09-30 14:56:07,002276.SZ,S,18.110,200
50,61,2025-09-30,2025-09-30 14:56:07,300738.SZ,B,22.120,600
51,61,2025-09-30,2025-09-30 14:56:07,300548.SZ,B,106.090,100
52,58,2025-09-30,2025-09-30 14:56:07,300354.SZ,B,48.280,100
53,61,2025-09-30,2025-09-30 14:56:07,300854.SZ,S,20.330,300
54,63,2025-09-30,2025-09-30 14:56:06,000938.SZ,B,30.150,200
55,52,2025-09-30,2025-09-30 14:56:06,002674.SZ,S,15.580,300
56,59,2025-09-30,2025-09-30 14:56:05,300092.SZ,B,16.660,200
57,59,2025-09-30,2025-09-30 14:56:05,300092.SZ,B,16.660,300
58,58,2025-09-30,2025-09-30 14:56:06,300854.SZ,S,20.350,700
59,58,2025-09-30,2025-09-30 14:56:04,002674.SZ,S,15.580,700
60,59,2025-09-30,2025-09-30 14:56:05,300818.SZ,S,27.770,200
61,61,2025-09-30,2025-09-30 14:56:05,300818.SZ,S,27.770,900
62,52,2025-09-30,2025-09-30 14:56:04,600143.SH,S,20.980,100
63,61,2025-09-30,2025-09-30 14:56:00,300682.SZ,B,19.470,200
64,58,2025-09-30,2025-09-30 14:56:00,002747.SZ,B,25.600,200
65,58,2025-09-30,2025-09-30 14:56:00,300559.SZ,S,16.100,300
66,58,2025-09-30,2025-09-30 14:56:00,300328.SZ,B,16.780,400
67,59,2025-09-30,2025-09-30 14:56:00,000973.SZ,S,7.820,500
68,52,2025-09-30,2025-09-30 14:55:59,300854.SZ,S,20.350,300
69,63,2025-09-30,2025-09-30 14:55:59,600658.SH,S,5.560,400
70,61,2025-09-30,2025-09-30 14:55:58,601975.SH,B,3.050,200
71,58,2025-09-30,2025-09-30 14:55:56,600157.SH,S,1.630,4200
72,52,2025-09-30,2025-09-30 14:55:54,600157.SH,S,1.630,1200
73,58,2025-09-30,2025-09-30 14:55:38,300731.SZ,B,44.330,200
74,52,2025-09-30,2025-09-30 14:47:03,001289.SZ,B,17.520,100
75,61,2025-09-30,2025-09-30 14:55:28,300354.SZ,B,48.270,200
76,58,2025-09-30,2025-09-30 14:55:23,301377.SZ,B,71.710,100
77,52,2025-09-30,2025-09-30 14:54:55,301511.SZ,B,35.720,100
78,63,2025-09-30,2025-09-30 14:54:52,603087.SH,S,75.900,100
79,58,2025-09-30,2025-09-30 14:54:48,300251.SZ,S,19.380,200
80,58,2025-09-30,2025-09-30 14:54:46,300469.SZ,B,77.760,100
81,58,2025-09-30,2025-09-30 14:54:46,300469.SZ,B,77.760,100
82,63,2025-09-30,2025-09-30 14:54:44,603166.SH,S,20.010,200
83,63,2025-09-30,2025-09-30 14:54:40,300854.SZ,S,20.360,400
84,63,2025-09-30,2025-09-30 14:54:40,300854.SZ,S,20.360,600
85,63,2025-09-30,2025-09-30 14:54:30,600031.SH,B,23.220,1700
86,61,2025-09-30,2025-09-30 14:54:09,002674.SZ,S,15.580,100
87,61,2025-09-30,2025-09-30 14:54:09,002674.SZ,S,15.580,200
88,61,2025-09-30,2025-09-30 14:54:09,002674.SZ,S,15.580,500
89,58,2025-09-30,2025-09-30 14:54:07,300569.SZ,S,6.300,500
90,58,2025-09-30,2025-09-30 14:54:06,600326.SH,S,12.210,400
91,63,2025-09-30,2025-09-30 14:54:05,002555.SZ,B,21.690,200
92,61,2025-09-30,2025-09-30 14:53:56,601020.SH,B,27.320,200
93,63,2025-09-30,2025-09-30 14:53:55,600919.SH,S,10.030,100
94,52,2025-09-30,2025-09-30 14:53:56,300328.SZ,B,16.780,100
95,58,2025-09-30,2025-09-30 14:53:54,300569.SZ,S,6.300,1500
96,58,2025-09-30,2025-09-30 14:53:54,300569.SZ,S,6.300,500
97,58,2025-09-30,2025-09-30 14:53:54,300790.SZ,S,33.560,100
98,52,2025-09-30,2025-09-30 14:53:52,300559.SZ,S,16.150,100
99,59,2025-09-30,2025-09-30 14:53:41,000833.SZ,S,13.870,200
100,59,2025-09-30,2025-09-30 14:53:37,000833.SZ,S,13.870,100
101,61,2025-09-30,2025-09-30 14:53:36,000833.SZ,S,13.870,900
102,63,2025-09-30,2025-09-30 14:53:31,600893.SH,B,42.260,200
103,58,2025-09-30,2025-09-30 14:53:19,002815.SZ,B,15.110,600
104,58,2025-09-30,2025-09-30 14:53:18,600737.SH,B,15.960,200
105,61,2025-09-30,2025-09-30 14:53:19,300328.SZ,B,16.780,600
106,63,2025-09-30,2025-09-30 14:53:19,300328.SZ,B,16.780,200
107,52,2025-09-30,2025-09-30 14:53:09,000833.SZ,S,13.860,200
108,59,2025-09-30,2025-09-30 14:53:14,300328.SZ,B,16.780,500
109,59,2025-09-30,2025-09-30 14:53:08,600769.SH,S,12.830,100
110,61,2025-09-30,2025-09-30 14:53:03,600769.SH,S,12.830,200
111,59,2025-09-30,2025-09-30 14:53:01,301150.SZ,B,41.390,200
112,52,2025-09-30,2025-09-30 14:49:44,301526.SZ,B,6.260,2100
113,52,2025-09-30,2025-09-30 14:53:00,600737.SH,B,15.950,100
114,58,2025-09-30,2025-09-30 14:52:49,000833.SZ,S,13.870,400
115,58,2025-09-30,2025-09-30 14:52:48,002276.SZ,S,18.110,300
116,58,2025-09-30,2025-09-30 14:52:48,000833.SZ,S,13.870,300
117,58,2025-09-30,2025-09-30 14:52:35,000811.SZ,B,13.500,200
118,52,2025-09-30,2025-09-30 14:52:32,000811.SZ,B,13.500,100
119,58,2025-09-30,2025-09-30 14:52:29,002885.SZ,B,18.630,200
120,58,2025-09-30,2025-09-30 14:52:28,601616.SH,S,4.060,2000
121,58,2025-09-30,2025-09-30 14:52:19,002651.SZ,B,11.260,400
122,59,2025-09-30,2025-09-30 14:52:18,601616.SH,S,4.060,800
123,58,2025-09-30,2025-09-30 14:52:15,300199.SZ,B,21.340,400
124,61,2025-09-30,2025-09-30 14:52:14,000973.SZ,S,7.820,1400
125,58,2025-09-30,2025-09-30 14:52:13,000973.SZ,S,7.820,1300
126,58,2025-09-30,2025-09-30 14:52:05,002536.SZ,B,24.380,200
127,63,2025-09-30,2025-09-30 14:52:04,601166.SH,B,19.860,1000
128,58,2025-09-30,2025-09-30 14:52:04,600326.SH,S,12.210,500
129,59,2025-09-30,2025-09-30 14:52:04,603002.SH,B,7.700,500
130,52,2025-09-30,2025-09-30 14:50:09,600326.SH,S,12.210,300
131,63,2025-09-30,2025-09-30 14:52:00,601616.SH,S,4.060,8900
132,61,2025-09-30,2025-09-30 14:51:59,002256.SZ,B,3.070,200
133,61,2025-09-30,2025-09-30 14:52:00,601616.SH,S,4.060,2200
134,52,2025-09-30,2025-09-30 14:49:20,601616.SH,S,4.060,1300
135,52,2025-09-30,2025-09-30 14:51:49,301248.SZ,B,28.400,100
136,59,2025-09-30,2025-09-30 14:51:54,688277.SH,B,18.330,200
137,58,2025-09-30,2025-09-30 14:51:53,603002.SH,B,7.700,600
138,61,2025-09-30,2025-09-30 14:51:53,603002.SH,B,7.700,1000
139,52,2025-09-30,2025-09-30 14:50:33,603002.SH,B,7.700,100
140,58,2025-09-30,2025-09-30 14:51:48,002256.SZ,B,3.060,200
141,59,2025-09-30,2025-09-30 14:51:40,300207.SZ,B,33.750,200
142,58,2025-09-30,2025-09-30 14:51:39,300354.SZ,B,48.330,100
143,61,2025-09-30,2025-09-30 14:51:37,301511.SZ,B,35.730,600
144,58,2025-09-30,2025-09-30 14:51:37,300493.SZ,S,23.560,200
145,59,2025-09-30,2025-09-30 14:51:37,301511.SZ,B,35.730,300
146,59,2025-09-30,2025-09-30 14:51:37,301511.SZ,B,35.730,100
147,59,2025-09-30,2025-09-30 14:51:37,301511.SZ,B,35.730,100
148,58,2025-09-30,2025-09-30 14:51:35,002066.SZ,B,14.720,200
149,52,2025-09-30,2025-09-30 14:50:23,002066.SZ,B,14.720,100
150,52,2025-09-30,2025-09-30 14:51:32,300421.SZ,S,18.960,100
151,52,2025-09-30,2025-09-30 14:51:25,601881.SH,B,17.760,100
152,52,2025-09-30,2025-09-30 14:51:24,002536.SZ,B,24.370,100
153,52,2025-09-30,2025-09-30 14:51:14,600487.SH,B,23.010,100
154,52,2025-09-30,2025-09-30 14:49:08,601777.SH,B,12.420,100
155,63,2025-09-30,2025-09-30 14:51:03,601233.SH,S,15.000,300
156,61,2025-09-30,2025-09-30 14:50:59,300251.SZ,S,19.390,300
157,61,2025-09-30,2025-09-30 14:50:58,300340.SZ,S,13.980,200
158,59,2025-09-30,2025-09-30 14:50:53,300340.SZ,S,13.980,100
159,63,2025-09-30,2025-09-30 14:50:49,300251.SZ,S,19.390,100
160,59,2025-09-30,2025-09-30 14:50:49,300251.SZ,S,19.390,100
161,52,2025-09-30,2025-09-30 14:49:40,600550.SH,B,8.240,100
162,58,2025-09-30,2025-09-30 14:50:42,301526.SZ,B,6.260,1000
163,58,2025-09-30,2025-09-30 14:50:40,601658.SH,B,5.740,2800
164,58,2025-09-30,2025-09-30 14:50:37,002248.SZ,S,10.410,300
165,52,2025-09-30,2025-09-30 14:50:31,002815.SZ,B,15.120,1300
166,58,2025-09-30,2025-09-30 14:50:31,300738.SZ,B,22.120,400
167,61,2025-09-30,2025-09-30 14:50:30,002815.SZ,B,15.130,700
168,59,2025-09-30,2025-09-30 14:50:30,002815.SZ,B,15.120,700
169,58,2025-09-30,2025-09-30 14:50:29,300340.SZ,S,13.980,200
170,52,2025-09-30,2025-09-30 14:50:23,300340.SZ,S,13.980,100
171,63,2025-09-30,2025-09-30 14:50:19,600143.SH,S,20.960,200
172,58,2025-09-30,2025-09-30 14:50:20,000009.SZ,B,12.480,200
173,58,2025-09-30,2025-09-30 14:50:14,003040.SZ,S,20.580,100
174,61,2025-09-30,2025-09-30 14:50:10,301511.SZ,B,35.730,100
175,61,2025-09-30,2025-09-30 14:50:05,300569.SZ,S,6.300,1400
176,61,2025-09-30,2025-09-30 14:50:05,300569.SZ,S,6.300,100
177,59,2025-09-30,2025-09-30 14:50:05,300569.SZ,S,6.300,1000
178,59,2025-09-30,2025-09-30 14:50:05,002276.SZ,S,18.120,200
179,61,2025-09-30,2025-09-30 14:50:04,002276.SZ,S,18.120,200
180,63,2025-09-30,2025-09-30 14:50:04,002276.SZ,S,18.120,100
181,61,2025-09-30,2025-09-30 14:50:04,002276.SZ,S,18.120,200
182,63,2025-09-30,2025-09-30 14:50:04,002276.SZ,S,18.120,100
183,58,2025-09-30,2025-09-30 14:50:04,002276.SZ,S,18.120,200
184,52,2025-09-30,2025-09-30 14:50:04,002276.SZ,S,18.120,100
185,61,2025-09-30,2025-09-30 14:50:01,300382.SZ,B,16.380,100
186,61,2025-09-30,2025-09-30 14:50:01,300382.SZ,B,16.380,200
187,61,2025-09-30,2025-09-30 14:50:01,300382.SZ,B,16.380,100
188,58,2025-09-30,2025-09-30 14:50:00,300002.SZ,B,14.270,400
189,61,2025-09-30,2025-09-30 14:49:58,300354.SZ,B,48.340,200
190,58,2025-09-30,2025-09-30 14:49:55,300322.SZ,B,23.310,200
191,58,2025-09-30,2025-09-30 14:49:54,300548.SZ,B,106.270,200
192,63,2025-09-30,2025-09-30 14:49:49,300854.SZ,S,20.440,200
193,63,2025-09-30,2025-09-30 14:49:49,300854.SZ,S,20.440,200
194,63,2025-09-30,2025-09-30 14:49:49,300854.SZ,S,20.440,100
195,63,2025-09-30,2025-09-30 14:49:49,300854.SZ,S,20.440,100
196,63,2025-09-30,2025-09-30 14:49:49,300854.SZ,S,20.440,100
197,63,2025-09-30,2025-09-30 14:49:49,300854.SZ,S,20.440,100
198,63,2025-09-30,2025-09-30 14:49:49,300854.SZ,S,20.440,100
199,63,2025-09-30,2025-09-30 14:49:49,300854.SZ,S,20.440,100
200,63,2025-09-30,2025-09-30 14:49:49,300854.SZ,S,20.440,100
201,61,2025-09-30,2025-09-30 14:49:49,300854.SZ,S,20.440,100
202,61,2025-09-30,2025-09-30 14:49:49,300854.SZ,S,20.440,100
203,63,2025-09-30,2025-09-30 14:49:49,300854.SZ,S,20.440,100
204,61,2025-09-30,2025-09-30 14:49:49,300854.SZ,S,20.440,100
205,61,2025-09-30,2025-09-30 14:49:49,300854.SZ,S,20.440,100
206,59,2025-09-30,2025-09-30 14:49:49,300854.SZ,S,20.440,100
207,59,2025-09-30,2025-09-30 14:49:49,300854.SZ,S,20.440,100
208,52,2025-09-30,2025-09-30 14:49:48,002236.SZ,B,20.150,100
209,52,2025-09-30,2025-09-30 14:49:31,605488.SH,B,36.250,100
210,61,2025-09-30,2025-09-30 14:49:41,603507.SH,S,26.690,300
211,52,2025-09-30,2025-09-30 14:49:42,603507.SH,S,26.690,100
212,58,2025-09-30,2025-09-30 14:49:41,603507.SH,S,26.690,200
213,52,2025-09-30,2025-09-30 14:49:39,603286.SH,S,44.730,400
214,61,2025-09-30,2025-09-30 14:49:35,300421.SZ,S,18.970,200
215,61,2025-09-30,2025-09-30 14:49:24,000811.SZ,B,13.510,400
216,63,2025-09-30,2025-09-30 14:49:24,600893.SH,B,42.300,200
217,52,2025-09-30,2025-09-30 14:49:25,603993.SH,S,15.730,100
218,61,2025-09-30,2025-09-30 14:49:20,300738.SZ,B,22.130,400
219,59,2025-09-30,2025-09-30 14:49:20,300738.SZ,B,22.130,300
220,59,2025-09-30,2025-09-30 14:49:20,300738.SZ,B,22.130,200
221,52,2025-09-30,2025-09-30 14:49:20,300738.SZ,B,22.130,100
222,52,2025-09-30,2025-09-30 14:48:01,300569.SZ,S,6.310,400
223,63,2025-09-30,2025-09-30 14:49:20,002456.SZ,B,13.070,400
224,58,2025-09-30,2025-09-30 14:49:17,600498.SH,B,27.470,200
225,59,2025-09-30,2025-09-30 14:49:17,300002.SZ,B,14.280,200
226,63,2025-09-30,2025-09-30 14:49:16,300002.SZ,B,14.280,200
227,52,2025-09-30,2025-09-30 14:49:16,600498.SH,B,27.470,100
228,58,2025-09-30,2025-09-30 14:49:15,002097.SZ,B,12.530,200
229,52,2025-09-30,2025-09-30 14:48:01,300569.SZ,S,6.310,400
230,61,2025-09-30,2025-09-30 14:49:10,300548.SZ,B,106.140,100
231,59,2025-09-30,2025-09-30 14:49:11,300559.SZ,S,16.190,200
232,61,2025-09-30,2025-09-30 14:49:11,300559.SZ,S,16.190,300
233,61,2025-09-30,2025-09-30 14:49:07,300559.SZ,S,16.190,100
234,63,2025-09-30,2025-09-30 14:49:06,000938.SZ,B,30.130,400
235,59,2025-09-30,2025-09-30 14:49:02,300199.SZ,B,21.350,200
236,61,2025-09-30,2025-09-30 14:49:01,300199.SZ,B,21.350,800
237,58,2025-09-30,2025-09-30 14:49:00,603380.SH,B,47.740,200
238,59,2025-09-30,2025-09-30 14:48:56,002335.SZ,B,71.500,200
239,63,2025-09-30,2025-09-30 14:48:55,600337.SH,S,2.290,400
240,63,2025-09-30,2025-09-30 14:48:55,600337.SH,S,2.290,1300
241,63,2025-09-30,2025-09-30 14:48:55,600337.SH,S,2.290,1500
242,63,2025-09-30,2025-09-30 14:48:55,600337.SH,S,2.290,300
243,63,2025-09-30,2025-09-30 14:48:55,600337.SH,S,2.290,4200
244,61,2025-09-30,2025-09-30 14:48:54,300322.SZ,B,23.320,200
245,58,2025-09-30,2025-09-30 14:48:52,002755.SZ,B,20.800,200
246,52,2025-09-30,2025-09-30 14:46:18,600337.SH,S,2.290,500
247,59,2025-09-30,2025-09-30 14:48:49,002248.SZ,S,10.410,100
248,58,2025-09-30,2025-09-30 14:48:45,300861.SZ,B,17.300,200
249,52,2025-09-30,2025-09-30 14:48:45,600016.SH,B,3.970,700
250,61,2025-09-30,2025-09-30 14:48:39,002248.SZ,S,10.410,300
251,58,2025-09-30,2025-09-30 14:48:37,600521.SH,B,21.170,200
252,58,2025-09-30,2025-09-30 14:48:31,300207.SZ,B,33.850,200
253,52,2025-09-30,2025-09-30 14:48:27,300207.SZ,B,33.850,100
254,63,2025-09-30,2025-09-30 14:48:25,601728.SH,S,6.660,100
255,61,2025-09-30,2025-09-30 14:48:19,002747.SZ,S,25.640,100
256,63,2025-09-30,2025-09-30 14:48:18,300408.SZ,B,46.310,200
257,63,2025-09-30,2025-09-30 14:48:15,601127.SH,B,171.980,200
258,63,2025-09-30,2025-09-30 14:48:14,601166.SH,B,19.850,1200
259,59,2025-09-30,2025-09-30 14:48:14,600737.SH,B,15.950,200
260,61,2025-09-30,2025-09-30 14:48:12,002281.SZ,B,66.660,400
261,63,2025-09-30,2025-09-30 14:48:12,002281.SZ,B,66.660,200
262,63,2025-09-30,2025-09-30 14:48:08,002558.SZ,B,45.110,200
263,61,2025-09-30,2025-09-30 14:48:02,300493.SZ,S,23.640,100
264,61,2025-09-30,2025-09-30 14:48:02,300493.SZ,S,23.640,100
265,58,2025-09-30,2025-09-30 14:48:01,300790.SZ,S,33.530,100
266,59,2025-09-30,2025-09-30 14:47:59,300493.SZ,S,23.650,200
267,59,2025-09-30,2025-09-30 14:47:59,300493.SZ,S,23.650,100
268,58,2025-09-30,2025-09-30 14:47:57,603275.SH,B,53.900,200
269,61,2025-09-30,2025-09-30 14:47:55,300493.SZ,S,23.640,500
270,61,2025-09-30,2025-09-30 14:47:42,601606.SH,B,42.640,200
271,58,2025-09-30,2025-09-30 14:47:34,002281.SZ,B,66.670,300
272,52,2025-09-30,2025-09-30 14:47:34,002281.SZ,B,66.670,100
273,61,2025-09-30,2025-09-30 14:47:30,300622.SZ,S,32.340,200
274,61,2025-09-30,2025-09-30 14:47:28,603286.SH,S,44.630,900
275,59,2025-09-30,2025-09-30 14:47:26,603286.SH,S,44.630,300
276,58,2025-09-30,2025-09-30 14:47:22,300622.SZ,S,32.300,100
277,52,2025-09-30,2025-09-30 14:47:22,300622.SZ,S,32.300,100
278,58,2025-09-30,2025-09-30 14:47:22,300662.SZ,B,28.540,200
279,59,2025-09-30,2025-09-30 14:47:19,300622.SZ,S,32.340,100
280,52,2025-09-30,2025-09-30 14:47:16,600745.SH,B,46.540,100
281,52,2025-09-30,2025-09-30 14:46:31,300790.SZ,S,33.560,100
282,52,2025-09-30,2025-09-30 14:46:31,300790.SZ,S,33.560,100
283,58,2025-09-30,2025-09-30 14:47:12,603286.SH,S,44.660,900
284,58,2025-09-30,2025-09-30 14:47:12,603286.SH,S,44.660,400
285,63,2025-09-30,2025-09-30 14:46:55,600000.SH,S,11.890,100
286,63,2025-09-30,2025-09-30 14:46:55,600050.SH,S,5.500,100
287,61,2025-09-30,2025-09-30 14:46:52,300570.SZ,B,105.400,300
288,58,2025-09-30,2025-09-30 14:46:47,300570.SZ,B,105.400,200
289,59,2025-09-30,2025-09-30 14:46:43,003040.SZ,S,20.590,100
290,61,2025-09-30,2025-09-30 14:46:43,003040.SZ,S,20.590,100
291,52,2025-09-30,2025-09-30 14:46:31,600665.SH,S,3.250,500
292,63,2025-09-30,2025-09-30 14:46:33,002475.SZ,S,65.020,400
293,52,2025-09-30,2025-09-30 14:46:32,000973.SZ,S,7.840,300
294,58,2025-09-30,2025-09-30 14:46:31,300493.SZ,S,23.850,400
295,58,2025-09-30,2025-09-30 14:46:31,300790.SZ,S,33.560,300
296,52,2025-09-30,2025-09-30 14:46:31,600660.SH,S,73.280,100
297,52,2025-09-30,2025-09-30 14:46:30,300493.SZ,S,23.860,200
298,58,2025-09-30,2025-09-30 14:46:27,300249.SZ,B,16.280,200
299,58,2025-09-30,2025-09-30 14:46:22,300382.SZ,B,16.410,200
300,63,2025-09-30,2025-09-30 14:46:22,002625.SZ,B,50.200,200
301,58,2025-09-30,2025-09-30 14:46:21,603626.SH,B,14.470,200
302,59,2025-09-30,2025-09-30 14:46:18,002747.SZ,B,25.650,200
303,52,2025-09-30,2025-09-30 14:46:18,601456.SH,B,11.170,100
304,63,2025-09-30,2025-09-30 14:46:17,603920.SH,B,45.570,200
305,63,2025-09-30,2025-09-30 14:46:17,601398.SH,S,7.300,100
306,61,2025-09-30,2025-09-30 14:46:16,300790.SZ,S,33.500,600
307,59,2025-09-30,2025-09-30 14:46:16,300790.SZ,S,33.500,300
308,61,2025-09-30,2025-09-30 14:46:16,300790.SZ,S,33.500,100
309,61,2025-09-30,2025-09-30 14:46:14,603920.SH,B,45.560,200
310,61,2025-09-30,2025-09-30 14:46:14,600169.SH,B,2.630,400
311,59,2025-09-30,2025-09-30 14:43:53,600798.SH,S,3.850,100
312,61,2025-09-30,2025-09-30 14:43:53,600798.SH,S,3.850,400
313,59,2025-09-30,2025-09-30 14:43:07,002796.SZ,S,19.380,100
314,61,2025-09-30,2025-09-30 14:43:07,601658.SH,S,5.720,600
315,58,2025-09-30,2025-09-30 14:43:00,002796.SZ,S,19.360,400
316,61,2025-09-30,2025-09-30 14:42:55,603166.SH,S,20.000,100
317,61,2025-09-30,2025-09-30 14:42:51,002335.SZ,B,71.600,100
318,58,2025-09-30,2025-09-30 14:42:49,600653.SH,S,2.080,100
319,52,2025-09-30,2025-09-30 14:42:49,600653.SH,S,2.080,100
320,63,2025-09-30,2025-09-30 14:42:40,002938.SZ,S,55.960,100
321,59,2025-09-30,2025-09-30 14:42:07,600337.SH,S,2.290,2300
322,61,2025-09-30,2025-09-30 14:42:07,600337.SH,S,2.290,6100
323,59,2025-09-30,2025-09-30 14:41:31,000833.SZ,S,13.860,100
324,61,2025-09-30,2025-09-30 14:41:31,000833.SZ,S,13.860,100
325,61,2025-09-30,2025-09-30 14:41:07,600653.SH,S,2.090,100
326,61,2025-09-30,2025-09-30 14:40:26,002133.SZ,S,3.540,100
327,63,2025-09-30,2025-09-30 14:39:49,002938.SZ,S,56.010,100
328,61,2025-09-30,2025-09-30 14:39:10,002335.SZ,B,71.690,100
329,61,2025-09-30,2025-09-30 14:39:10,002335.SZ,B,71.680,100
330,61,2025-09-30,2025-09-30 14:39:07,300207.SZ,B,33.680,100
331,61,2025-09-30,2025-09-30 14:38:58,300207.SZ,B,33.690,100
332,59,2025-09-30,2025-09-30 14:38:40,001211.SZ,S,26.580,100
333,61,2025-09-30,2025-09-30 14:38:39,001211.SZ,S,26.580,400
334,52,2025-09-30,2025-09-30 14:31:40,000069.SZ,S,2.640,200
335,59,2025-09-30,2025-09-30 14:36:47,000700.SZ,S,10.920,300
336,59,2025-09-30,2025-09-30 14:36:41,601658.SH,S,5.720,800
337,61,2025-09-30,2025-09-30 14:36:41,601658.SH,S,5.720,1600
338,63,2025-09-30,2025-09-30 14:36:39,000564.SZ,S,2.580,100
339,58,2025-09-30,2025-09-30 14:36:36,000700.SZ,S,10.910,100
340,58,2025-09-30,2025-09-30 14:36:36,000700.SZ,S,10.910,200
341,52,2025-09-30,2025-09-30 14:36:34,603085.SH,S,10.550,100
342,58,2025-09-30,2025-09-30 14:36:33,000833.SZ,S,13.850,100
343,63,2025-09-30,2025-09-30 14:36:19,002755.SZ,S,20.830,100
344,63,2025-09-30,2025-09-30 14:36:17,002468.SZ,S,17.860,200
345,63,2025-09-30,2025-09-30 14:36:12,002938.SZ,S,55.820,100
346,58,2025-09-30,2025-09-30 14:35:46,300703.SZ,S,30.540,100
347,59,2025-09-30,2025-09-30 14:35:46,002011.SZ,S,14.280,100
348,61,2025-09-30,2025-09-30 14:35:44,002011.SZ,S,14.280,100
349,58,2025-09-30,2025-09-30 14:35:39,600798.SH,S,3.860,300
350,52,2025-09-30,2025-09-30 14:31:22,600798.SH,S,3.860,100
351,58,2025-09-30,2025-09-30 14:35:32,600721.SH,S,9.490,100
352,61,2025-09-30,2025-09-30 14:35:31,002011.SZ,S,14.280,100
353,63,2025-09-30,2025-09-30 14:35:13,601012.SH,S,17.980,100
354,63,2025-09-30,2025-09-30 14:35:13,601012.SH,S,17.980,100
355,58,2025-09-30,2025-09-30 14:35:06,002792.SZ,S,16.470,100
356,58,2025-09-30,2025-09-30 14:35:06,603305.SH,S,18.220,400
357,61,2025-09-30,2025-09-30 14:35:05,002792.SZ,S,16.470,100
358,59,2025-09-30,2025-09-30 14:34:59,600721.SH,S,9.490,100
359,61,2025-09-30,2025-09-30 14:34:58,600721.SH,S,9.490,200
360,61,2025-09-30,2025-09-30 14:34:45,002335.SZ,B,71.720,200
361,63,2025-09-30,2025-09-30 14:34:29,002475.SZ,S,64.620,100
362,61,2025-09-30,2025-09-30 14:34:11,300002.SZ,B,14.270,500
363,61,2025-09-30,2025-09-30 14:34:10,300207.SZ,B,33.840,300
364,61,2025-09-30,2025-09-30 14:33:36,002536.SZ,S,24.380,100
365,61,2025-09-30,2025-09-30 14:33:18,603305.SH,S,18.230,300
366,58,2025-09-30,2025-09-30 14:32:44,603236.SH,S,104.880,100
367,61,2025-09-30,2025-09-30 14:32:21,002747.SZ,B,25.600,500
368,61,2025-09-30,2025-09-30 14:32:18,603236.SH,S,105.110,100
369,59,2025-09-30,2025-09-30 14:32:18,603236.SH,S,105.110,100
370,58,2025-09-30,2025-09-30 14:32:06,600337.SH,S,2.290,2900
371,63,2025-09-30,2025-09-30 14:31:26,002465.SZ,S,13.130,100
372,58,2025-09-30,2025-09-30 14:31:22,600337.SH,S,2.290,2500
373,52,2025-09-30,2025-09-30 14:31:22,600337.SH,S,2.290,1600
374,52,2025-09-30,2025-09-30 14:31:21,002133.SZ,S,3.540,100
375,59,2025-09-30,2025-09-30 14:28:53,002133.SZ,S,3.540,500
376,61,2025-09-30,2025-09-30 14:28:53,002133.SZ,S,3.540,1200
377,58,2025-09-30,2025-09-30 14:28:30,002133.SZ,S,3.540,1100
378,61,2025-09-30,2025-09-30 14:28:30,600157.SH,S,1.630,100
379,52,2025-09-30,2025-09-30 14:28:29,002133.SZ,S,3.540,400
380,58,2025-09-30,2025-09-30 14:28:26,301150.SZ,B,41.470,100
381,58,2025-09-30,2025-09-30 14:28:26,301150.SZ,B,41.470,100
382,61,2025-09-30,2025-09-30 14:28:13,301150.SZ,B,41.480,100
383,58,2025-09-30,2025-09-30 14:28:07,603300.SH,S,9.680,500
384,58,2025-09-30,2025-09-30 14:28:07,600481.SH,S,6.050,1300
385,58,2025-09-30,2025-09-30 14:28:07,688239.SH,S,44.420,200
386,52,2025-09-30,2025-09-30 14:28:07,603300.SH,S,9.680,200
387,52,2025-09-30,2025-09-30 14:28:07,600481.SH,S,6.050,400
388,63,2025-09-30,2025-09-30 14:28:06,000725.SZ,S,4.160,100
389,61,2025-09-30,2025-09-30 14:28:05,601872.SH,S,8.850,400
390,59,2025-09-30,2025-09-30 14:28:00,002765.SZ,S,14.350,500
391,61,2025-09-30,2025-09-30 14:28:00,002765.SZ,S,14.350,400
392,61,2025-09-30,2025-09-30 14:28:00,002765.SZ,S,14.350,300
393,59,2025-09-30,2025-09-30 14:27:52,601658.SH,B,5.720,3400
394,61,2025-09-30,2025-09-30 14:27:52,601658.SH,B,5.720,4500
395,61,2025-09-30,2025-09-30 14:27:52,601658.SH,B,5.720,800
396,63,2025-09-30,2025-09-30 14:27:49,600010.SH,S,2.380,100
397,61,2025-09-30,2025-09-30 14:27:49,603300.SH,S,9.680,500
398,58,2025-09-30,2025-09-30 14:27:47,600239.SH,B,2.650,900
399,52,2025-09-30,2025-09-30 14:27:48,600010.SH,S,2.380,400
400,59,2025-09-30,2025-09-30 14:27:47,600239.SH,B,2.650,1300
401,58,2025-09-30,2025-09-30 14:27:46,600157.SH,S,1.630,100
402,61,2025-09-30,2025-09-30 14:27:47,600239.SH,B,2.650,1000
403,52,2025-09-30,2025-09-30 14:27:46,600239.SH,B,2.650,3200
404,61,2025-09-30,2025-09-30 14:27:30,603305.SH,S,18.270,200
405,61,2025-09-30,2025-09-30 14:27:27,600353.SH,S,16.820,100
406,63,2025-09-30,2025-09-30 14:27:27,601166.SH,S,19.850,200
407,63,2025-09-30,2025-09-30 14:26:44,002475.SZ,S,64.630,100
408,63,2025-09-30,2025-09-30 14:26:36,300207.SZ,B,33.940,100
409,61,2025-09-30,2025-09-30 14:26:26,300092.SZ,B,16.800,1000
410,63,2025-09-30,2025-09-30 14:26:21,002938.SZ,B,56.010,200
411,59,2025-09-30,2025-09-30 14:26:14,600481.SH,S,6.050,500
412,61,2025-09-30,2025-09-30 14:26:14,600481.SH,S,6.050,1500
413,59,2025-09-30,2025-09-30 14:26:07,603300.SH,S,9.690,100
414,58,2025-09-30,2025-09-30 14:26:04,001358.SZ,S,32.140,100
415,63,2025-09-30,2025-09-30 14:25:57,002236.SZ,B,20.180,600
416,61,2025-09-30,2025-09-30 14:25:44,300703.SZ,S,30.580,100
417,61,2025-09-30,2025-09-30 14:25:36,605599.SH,S,14.110,100
418,61,2025-09-30,2025-09-30 14:24:40,002072.SZ,S,7.660,200
419,61,2025-09-30,2025-09-30 14:24:38,688239.SH,S,44.470,231
420,63,2025-09-30,2025-09-30 14:24:31,600143.SH,S,20.950,200
421,63,2025-09-30,2025-09-30 14:24:29,600143.SH,S,20.950,200
422,61,2025-09-30,2025-09-30 14:24:24,301150.SZ,B,41.210,200
423,61,2025-09-30,2025-09-30 14:24:24,301150.SZ,B,41.210,200
424,61,2025-09-30,2025-09-30 14:24:23,603305.SH,S,18.210,300
425,61,2025-09-30,2025-09-30 14:24:03,002536.SZ,B,24.410,100
426,58,2025-09-30,2025-09-30 14:24:02,002072.SZ,S,7.660,200
427,61,2025-09-30,2025-09-30 14:24:00,002536.SZ,B,24.410,100
428,59,2025-09-30,2025-09-30 14:23:47,000700.SZ,B,10.910,600
429,61,2025-09-30,2025-09-30 14:23:47,000700.SZ,B,10.910,700
430,52,2025-09-30,2025-09-30 14:23:01,600000.SH,B,11.940,200
431,58,2025-09-30,2025-09-30 14:22:57,002011.SZ,B,14.320,400
432,58,2025-09-30,2025-09-30 14:22:57,002011.SZ,B,14.320,500
433,58,2025-09-30,2025-09-30 14:22:58,300018.SZ,S,9.120,100
434,58,2025-09-30,2025-09-30 14:22:52,603305.SH,S,18.200,800
435,61,2025-09-30,2025-09-30 14:22:39,000833.SZ,S,13.880,100
436,58,2025-09-30,2025-09-30 14:22:32,000700.SZ,B,10.910,900
437,52,2025-09-30,2025-09-30 14:22:32,000700.SZ,B,10.910,200
438,59,2025-09-30,2025-09-30 14:22:21,688472.SH,S,13.460,200
439,61,2025-09-30,2025-09-30 14:22:21,688472.SH,S,13.460,200
440,52,2025-09-30,2025-09-30 14:22:07,002414.SZ,S,12.340,100
441,63,2025-09-30,2025-09-30 14:22:05,300207.SZ,B,33.920,100
442,63,2025-09-30,2025-09-30 14:21:59,601766.SH,S,7.480,101
443,63,2025-09-30,2025-09-30 14:21:59,601766.SH,S,7.480,199
444,61,2025-09-30,2025-09-30 14:21:55,300018.SZ,S,9.120,100
445,52,2025-09-30,2025-09-30 14:21:55,002765.SZ,S,14.360,500
446,52,2025-09-30,2025-09-30 14:21:43,000962.SZ,B,24.560,200
447,63,2025-09-30,2025-09-30 14:21:42,002465.SZ,S,13.120,100
448,58,2025-09-30,2025-09-30 14:21:39,301150.SZ,B,41.200,300
449,61,2025-09-30,2025-09-30 14:21:37,002765.SZ,S,14.370,300
450,59,2025-09-30,2025-09-30 14:21:35,002011.SZ,B,14.310,600
451,61,2025-09-30,2025-09-30 14:21:35,300328.SZ,B,16.820,200
452,61,2025-09-30,2025-09-30 14:21:34,002011.SZ,B,14.310,200
453,61,2025-09-30,2025-09-30 14:21:34,002011.SZ,B,14.310,100
454,61,2025-09-30,2025-09-30 14:21:34,002011.SZ,B,14.310,300
455,61,2025-09-30,2025-09-30 14:21:34,002011.SZ,B,14.310,100
456,63,2025-09-30,2025-09-30 14:21:22,002456.SZ,B,13.070,500
457,52,2025-09-30,2025-09-30 14:21:20,600673.SH,S,23.360,100
458,52,2025-09-30,2025-09-30 14:20:56,300686.SZ,S,15.030,100
459,59,2025-09-30,2025-09-30 14:21:00,601872.SH,S,8.860,200
460,59,2025-09-30,2025-09-30 14:21:00,301213.SZ,S,53.130,100
461,59,2025-09-30,2025-09-30 14:20:59,601872.SH,S,8.860,200
462,59,2025-09-30,2025-09-30 14:20:59,601872.SH,S,8.860,100
463,59,2025-09-30,2025-09-30 14:20:59,601872.SH,S,8.860,100
464,63,2025-09-30,2025-09-30 14:20:58,601328.SH,S,6.720,100
465,61,2025-09-30,2025-09-30 14:20:57,001358.SZ,S,32.000,100
466,58,2025-09-30,2025-09-30 14:20:54,300092.SZ,B,16.760,900
467,61,2025-09-30,2025-09-30 14:20:51,601872.SH,S,8.860,1200
468,63,2025-09-30,2025-09-30 14:20:51,601872.SH,S,8.860,2500
469,58,2025-09-30,2025-09-30 14:20:42,000833.SZ,S,13.870,100
470,52,2025-09-30,2025-09-30 14:20:29,000833.SZ,S,13.870,100
471,52,2025-09-30,2025-09-30 14:20:40,601658.SH,S,5.720,300
472,52,2025-09-30,2025-09-30 14:20:36,000776.SZ,S,22.460,100
473,58,2025-09-30,2025-09-30 14:20:37,002792.SZ,S,16.480,200
474,59,2025-09-30,2025-09-30 14:20:37,002792.SZ,S,16.480,100
475,61,2025-09-30,2025-09-30 14:20:36,002792.SZ,S,16.480,200
476,63,2025-09-30,2025-09-30 14:20:14,603083.SH,S,127.410,100
477,52,2025-09-30,2025-09-30 14:20:13,002550.SZ,B,9.010,200
478,61,2025-09-30,2025-09-30 14:20:10,300686.SZ,S,15.050,100
479,63,2025-09-30,2025-09-30 14:20:06,002236.SZ,B,20.140,400
480,58,2025-09-30,2025-09-30 14:19:52,605599.SH,S,14.120,100
481,61,2025-09-30,2025-09-30 14:19:49,002765.SZ,S,14.350,200
482,61,2025-09-30,2025-09-30 14:19:49,300662.SZ,B,28.680,200
483,61,2025-09-30,2025-09-30 14:19:49,002765.SZ,S,14.350,100
484,58,2025-09-30,2025-09-30 14:19:44,002765.SZ,S,14.350,1100
485,61,2025-09-30,2025-09-30 14:19:18,002873.SZ,B,10.710,200
486,52,2025-09-30,2025-09-30 14:18:52,601600.SH,S,8.250,200
487,61,2025-09-30,2025-09-30 14:18:55,688239.SH,S,44.520,200
488,59,2025-09-30,2025-09-30 14:18:53,688239.SH,S,44.520,297
489,61,2025-09-30,2025-09-30 14:18:49,688239.SH,S,44.520,200
490,63,2025-09-30,2025-09-30 14:18:43,601166.SH,S,19.840,300
491,59,2025-09-30,2025-09-30 14:18:34,688239.SH,S,44.580,22
492,52,2025-09-30,2025-09-30 14:18:33,300409.SZ,S,25.410,100
493,61,2025-09-30,2025-09-30 14:18:32,603305.SH,S,18.200,400
494,58,2025-09-30,2025-09-30 14:18:18,688472.SH,S,13.460,200
495,61,2025-09-30,2025-09-30 14:18:18,300409.SZ,S,25.420,400
496,58,2025-09-30,2025-09-30 14:17:50,688239.SH,S,44.470,342
497,52,2025-09-30,2025-09-30 14:17:15,002536.SZ,B,24.400,200
498,58,2025-09-30,2025-09-30 14:17:25,301150.SZ,B,41.180,400
499,52,2025-09-30,2025-09-30 14:17:24,002815.SZ,B,15.040,200
500,61,2025-09-30,2025-09-30 14:17:20,300249.SZ,B,16.280,200
501,63,2025-09-30,2025-09-30 14:17:12,002938.SZ,B,55.850,300
502,63,2025-09-30,2025-09-30 14:17:04,002475.SZ,S,64.450,100
503,58,2025-09-30,2025-09-30 14:17:04,601872.SH,S,8.870,600
504,63,2025-09-30,2025-09-30 14:17:04,002475.SZ,S,64.450,100
505,63,2025-09-30,2025-09-30 14:17:03,000776.SZ,B,22.480,500
506,58,2025-09-30,2025-09-30 14:17:00,601872.SH,S,8.870,200
507,59,2025-09-30,2025-09-30 14:16:58,002248.SZ,S,10.420,300
508,61,2025-09-30,2025-09-30 14:16:58,002248.SZ,S,10.420,700
509,58,2025-09-30,2025-09-30 14:16:58,002248.SZ,S,10.420,600
510,52,2025-09-30,2025-09-30 14:16:57,002248.SZ,S,10.420,200
511,58,2025-09-30,2025-09-30 14:16:57,601872.SH,S,8.870,200
512,59,2025-09-30,2025-09-30 14:16:42,000753.SZ,S,7.180,100
513,63,2025-09-30,2025-09-30 14:16:40,300002.SZ,B,14.290,500
514,58,2025-09-30,2025-09-30 14:16:36,601872.SH,S,8.870,400
515,52,2025-09-30,2025-09-30 14:16:18,601872.SH,S,8.870,700
516,61,2025-09-30,2025-09-30 14:16:35,002536.SZ,B,24.390,100
517,61,2025-09-30,2025-09-30 14:16:30,002536.SZ,B,24.390,200
518,63,2025-09-30,2025-09-30 14:16:28,002422.SZ,S,37.100,300
519,61,2025-09-30,2025-09-30 14:16:27,002747.SZ,B,25.580,200
520,52,2025-09-30,2025-09-30 14:16:18,300207.SZ,B,33.910,200
521,63,2025-09-30,2025-09-30 14:16:17,300207.SZ,B,33.920,300
522,61,2025-09-30,2025-09-30 14:16:16,300185.SZ,B,3.170,4200
523,59,2025-09-30,2025-09-30 14:16:14,300185.SZ,B,3.170,3400
524,61,2025-09-30,2025-09-30 14:13:40,600601.SH,S,11.040,300
525,58,2025-09-30,2025-09-30 14:13:30,002133.SZ,S,3.540,300
526,58,2025-09-30,2025-09-30 14:13:30,600337.SH,S,2.290,100
527,59,2025-09-30,2025-09-30 14:13:30,600157.SH,S,1.630,3400
528,61,2025-09-30,2025-09-30 14:13:30,600157.SH,S,1.630,508
529,61,2025-09-30,2025-09-30 14:13:30,600157.SH,S,1.630,3000
530,61,2025-09-30,2025-09-30 14:13:30,600157.SH,S,1.630,2000
531,61,2025-09-30,2025-09-30 14:13:30,600157.SH,S,1.630,3192
532,52,2025-09-30,2025-09-30 14:13:29,002133.SZ,S,3.540,100
533,58,2025-09-30,2025-09-30 14:13:20,601231.SH,B,21.790,300
534,58,2025-09-30,2025-09-30 14:13:19,300421.SZ,S,18.840,100
535,58,2025-09-30,2025-09-30 14:13:19,300421.SZ,S,18.840,100
536,58,2025-09-30,2025-09-30 14:13:19,300421.SZ,S,18.840,100
537,58,2025-09-30,2025-09-30 14:13:19,300421.SZ,S,18.840,100
538,52,2025-09-30,2025-09-30 14:13:18,300421.SZ,S,18.840,200
539,58,2025-09-30,2025-09-30 14:13:17,603300.SH,B,9.690,500
540,58,2025-09-30,2025-09-30 14:13:14,603300.SH,B,9.690,565
541,58,2025-09-30,2025-09-30 14:13:14,603300.SH,B,9.690,235
542,61,2025-09-30,2025-09-30 14:13:11,300018.SZ,S,9.120,500
543,59,2025-09-30,2025-09-30 14:13:09,002239.SZ,S,3.270,100
544,63,2025-09-30,2025-09-30 14:13:07,002256.SZ,S,3.070,600
545,63,2025-09-30,2025-09-30 14:13:06,002765.SZ,S,14.350,300
546,61,2025-09-30,2025-09-30 14:13:06,002765.SZ,S,14.350,300
547,61,2025-09-30,2025-09-30 14:13:05,601231.SH,B,21.800,200
548,61,2025-09-30,2025-09-30 14:13:05,601231.SH,B,21.790,100
549,61,2025-09-30,2025-09-30 14:13:05,601231.SH,B,21.790,100
550,59,2025-09-30,2025-09-30 14:13:04,601658.SH,B,5.730,800
551,63,2025-09-30,2025-09-30 14:13:04,601166.SH,B,19.840,600
552,61,2025-09-30,2025-09-30 14:13:03,603300.SH,B,9.690,265
553,61,2025-09-30,2025-09-30 14:13:03,603300.SH,B,9.690,1000
554,61,2025-09-30,2025-09-30 14:13:03,603300.SH,B,9.690,435
555,61,2025-09-30,2025-09-30 14:13:03,601658.SH,B,5.730,2300
556,59,2025-09-30,2025-09-30 14:13:01,300421.SZ,S,18.840,300
557,61,2025-09-30,2025-09-30 14:13:01,002456.SZ,S,13.050,300
558,63,2025-09-30,2025-09-30 14:13:01,000938.SZ,B,30.180,200
559,59,2025-09-30,2025-09-30 14:13:00,603300.SH,B,9.690,265
560,59,2025-09-30,2025-09-30 14:13:00,603300.SH,B,9.690,500
561,59,2025-09-30,2025-09-30 14:13:00,603300.SH,B,9.690,35
562,63,2025-09-30,2025-09-30 14:13:00,002765.SZ,S,14.340,100
563,63,2025-09-30,2025-09-30 14:13:00,002765.SZ,S,14.340,400
564,61,2025-09-30,2025-09-30 14:13:00,002765.SZ,S,14.340,300
565,63,2025-09-30,2025-09-30 14:12:53,603166.SH,S,20.020,300
566,52,2025-09-30,2025-09-30 14:12:49,601658.SH,B,5.730,1300
567,59,2025-09-30,2025-09-30 14:12:48,002133.SZ,S,3.540,100
568,61,2025-09-30,2025-09-30 14:12:47,002133.SZ,S,3.540,300
569,58,2025-09-30,2025-09-30 14:12:46,600010.SH,B,2.380,3900
570,59,2025-09-30,2025-09-30 14:12:46,600010.SH,B,2.380,2800
571,61,2025-09-30,2025-09-30 14:12:46,600010.SH,B,2.380,5100
572,61,2025-09-30,2025-09-30 14:12:46,600527.SH,S,2.220,100
573,52,2025-09-30,2025-09-30 14:12:46,600010.SH,B,2.380,1200
574,52,2025-09-30,2025-09-30 14:12:46,600157.SH,S,1.630,3000
575,58,2025-09-30,2025-09-30 14:12:46,600157.SH,S,1.630,7700
576,63,2025-09-30,2025-09-30 14:12:44,601988.SH,S,5.180,600
577,58,2025-09-30,2025-09-30 14:12:43,601231.SH,B,21.810,400
578,63,2025-09-30,2025-09-30 14:12:32,000703.SZ,S,6.560,1100
579,59,2025-09-30,2025-09-30 14:12:29,300926.SZ,S,31.190,100
580,61,2025-09-30,2025-09-30 14:12:29,300926.SZ,S,31.190,200
581,58,2025-09-30,2025-09-30 14:12:05,601231.SH,B,21.810,100
582,52,2025-09-30,2025-09-30 14:12:01,300409.SZ,B,25.310,200
583,52,2025-09-30,2025-09-30 14:08:58,300018.SZ,S,9.110,700
584,61,2025-09-30,2025-09-30 14:11:52,002497.SZ,B,14.780,100
585,63,2025-09-30,2025-09-30 14:11:47,002236.SZ,B,20.090,200
586,58,2025-09-30,2025-09-30 14:11:43,600487.SH,B,22.880,400
587,52,2025-09-30,2025-09-30 14:11:39,601319.SH,S,7.800,100
588,58,2025-09-30,2025-09-30 14:11:38,300018.SZ,S,9.100,1700
589,61,2025-09-30,2025-09-30 14:11:33,300761.SZ,B,21.630,200
590,61,2025-09-30,2025-09-30 14:11:32,600487.SH,B,22.880,400
591,63,2025-09-30,2025-09-30 14:11:32,600487.SH,B,22.880,400
592,61,2025-09-30,2025-09-30 14:11:24,300128.SZ,S,6.360,500
593,61,2025-09-30,2025-09-30 14:11:17,300128.SZ,S,6.360,100
594,61,2025-09-30,2025-09-30 14:11:14,300128.SZ,S,6.360,200
595,59,2025-09-30,2025-09-30 14:11:14,300128.SZ,S,6.360,300
596,61,2025-09-30,2025-09-30 14:11:03,601616.SH,S,4.070,100
597,61,2025-09-30,2025-09-30 14:10:35,300421.SZ,S,18.870,1300
598,61,2025-09-30,2025-09-30 14:10:31,603380.SH,B,47.660,100
599,59,2025-09-30,2025-09-30 14:10:28,300185.SZ,B,3.170,100
600,52,2025-09-30,2025-09-30 14:10:07,600673.SH,B,23.400,300
601,63,2025-09-30,2025-09-30 14:10:20,600150.SH,B,34.590,300
602,58,2025-09-30,2025-09-30 14:10:16,300409.SZ,B,25.320,600
603,58,2025-09-30,2025-09-30 14:10:16,300409.SZ,B,25.320,100
604,58,2025-09-30,2025-09-30 14:10:16,300409.SZ,B,25.320,300
605,58,2025-09-30,2025-09-30 14:10:13,600601.SH,S,10.790,600
606,59,2025-09-30,2025-09-30 14:09:54,601908.SH,B,4.170,300
607,61,2025-09-30,2025-09-30 14:09:54,601908.SH,B,4.170,600
608,63,2025-09-30,2025-09-30 14:09:52,000592.SZ,S,3.550,200
609,58,2025-09-30,2025-09-30 14:09:35,002815.SZ,B,15.020,200
610,58,2025-09-30,2025-09-30 14:09:23,601908.SH,B,4.180,422
611,58,2025-09-30,2025-09-30 14:09:23,601908.SH,B,4.180,178
612,61,2025-09-30,2025-09-30 14:09:23,002548.SZ,S,5.050,100
613,63,2025-09-30,2025-09-30 14:09:20,002080.SZ,B,34.210,100
614,61,2025-09-30,2025-09-30 14:09:19,601231.SH,B,21.860,400
615,61,2025-09-30,2025-09-30 14:09:15,603380.SH,B,47.690,100
616,52,2025-09-30,2025-09-30 14:09:09,601658.SH,B,5.730,900
617,52,2025-09-30,2025-09-30 14:09:09,601658.SH,B,5.730,200
618,58,2025-09-30,2025-09-30 14:09:08,601658.SH,B,5.730,100
619,58,2025-09-30,2025-09-30 14:09:08,601658.SH,B,5.730,200
620,58,2025-09-30,2025-09-30 14:09:08,601658.SH,B,5.730,1600
621,58,2025-09-30,2025-09-30 14:09:08,002491.SZ,S,5.300,100
622,59,2025-09-30,2025-09-30 14:08:59,603980.SH,S,5.680,100
623,61,2025-09-30,2025-09-30 14:08:59,603980.SH,S,5.680,400
624,52,2025-09-30,2025-09-30 14:08:58,002148.SZ,S,9.440,100
625,52,2025-09-30,2025-09-30 14:08:58,000750.SZ,S,4.550,1200
626,58,2025-09-30,2025-09-30 14:08:58,002148.SZ,S,9.440,300
627,61,2025-09-30,2025-09-30 14:08:53,300018.SZ,S,9.110,700
628,61,2025-09-30,2025-09-30 14:08:53,600261.SH,S,3.610,100
629,52,2025-09-30,2025-09-30 14:08:43,603980.SH,S,5.680,100
630,59,2025-09-30,2025-09-30 14:08:34,002148.SZ,S,9.440,100
631,61,2025-09-30,2025-09-30 14:08:34,002148.SZ,S,9.440,400
632,58,2025-09-30,2025-09-30 14:08:31,603980.SH,S,5.680,100
633,58,2025-09-30,2025-09-30 14:08:31,603980.SH,S,5.680,100
634,58,2025-09-30,2025-09-30 14:08:31,603980.SH,S,5.680,100
635,61,2025-09-30,2025-09-30 14:08:30,002765.SZ,S,14.380,400
636,63,2025-09-30,2025-09-30 14:08:30,002765.SZ,S,14.380,1200
637,59,2025-09-30,2025-09-30 14:08:29,002765.SZ,S,14.400,700
638,61,2025-09-30,2025-09-30 14:08:28,002765.SZ,S,14.400,600
639,63,2025-09-30,2025-09-30 14:08:27,002765.SZ,S,14.400,300
640,61,2025-09-30,2025-09-30 14:08:26,300207.SZ,B,34.060,100
641,63,2025-09-30,2025-09-30 14:08:26,300207.SZ,B,34.060,100
642,59,2025-09-30,2025-09-30 14:08:11,300002.SZ,B,14.300,300
643,61,2025-09-30,2025-09-30 14:08:11,300002.SZ,B,14.300,300
644,63,2025-09-30,2025-09-30 14:08:11,300002.SZ,B,14.300,300
645,58,2025-09-30,2025-09-30 14:08:11,300665.SZ,S,9.830,100
646,61,2025-09-30,2025-09-30 14:08:01,000676.SZ,S,9.800,100
647,63,2025-09-30,2025-09-30 14:08:00,601166.SH,B,19.850,800
648,63,2025-09-30,2025-09-30 14:07:51,601658.SH,S,5.730,1800
649,52,2025-09-30,2025-09-30 14:07:42,000776.SZ,B,22.600,200
650,52,2025-09-30,2025-09-30 14:07:39,600601.SH,S,10.810,500
651,63,2025-09-30,2025-09-30 14:07:39,000776.SZ,B,22.610,400
652,63,2025-09-30,2025-09-30 14:07:30,600031.SH,B,23.330,300
653,61,2025-09-30,2025-09-30 14:07:24,300088.SZ,S,6.780,100
654,59,2025-09-30,2025-09-30 14:07:18,603506.SH,S,13.840,200
655,61,2025-09-30,2025-09-30 14:07:18,603506.SH,S,13.840,100
656,61,2025-09-30,2025-09-30 14:07:18,603506.SH,S,13.840,200
657,61,2025-09-30,2025-09-30 14:07:18,603506.SH,S,13.840,100
658,61,2025-09-30,2025-09-30 14:07:07,603380.SH,B,47.730,100
659,61,2025-09-30,2025-09-30 14:07:05,603300.SH,B,9.690,600
660,63,2025-09-30,2025-09-30 14:07:02,600415.SH,B,18.460,100
661,58,2025-09-30,2025-09-30 14:07:02,300421.SZ,S,18.900,100
662,58,2025-09-30,2025-09-30 14:07:02,300421.SZ,S,18.900,100
663,58,2025-09-30,2025-09-30 14:07:02,300421.SZ,S,18.900,100
664,63,2025-09-30,2025-09-30 14:06:48,000938.SZ,B,30.120,400
665,59,2025-09-30,2025-09-30 14:06:46,600673.SH,B,23.440,100
666,58,2025-09-30,2025-09-30 14:06:43,603948.SH,S,25.320,100
667,59,2025-09-30,2025-09-30 14:06:37,002456.SZ,S,13.060,300
668,61,2025-09-30,2025-09-30 14:06:36,002456.SZ,S,13.060,100
669,61,2025-09-30,2025-09-30 14:06:36,002456.SZ,S,13.060,400
670,58,2025-09-30,2025-09-30 14:06:35,600601.SH,S,10.700,400
671,58,2025-09-30,2025-09-30 14:06:28,300761.SZ,B,21.620,100
672,58,2025-09-30,2025-09-30 14:06:26,300761.SZ,B,21.620,200
673,58,2025-09-30,2025-09-30 14:06:26,300761.SZ,B,21.620,300
674,58,2025-09-30,2025-09-30 14:06:20,300421.SZ,S,18.900,300
675,58,2025-09-30,2025-09-30 14:06:11,600487.SH,B,22.930,900
676,59,2025-09-30,2025-09-30 14:06:05,603380.SH,B,47.740,100
677,59,2025-09-30,2025-09-30 14:06:04,000009.SZ,B,12.390,300
678,61,2025-09-30,2025-09-30 14:06:04,000009.SZ,B,12.390,300
679,59,2025-09-30,2025-09-30 14:06:02,002129.SZ,S,9.030,100
680,61,2025-09-30,2025-09-30 14:05:54,600595.SH,S,5.210,100
681,61,2025-09-30,2025-09-30 14:05:51,600601.SH,S,10.640,2200
682,63,2025-09-30,2025-09-30 14:05:51,600601.SH,S,10.640,900
683,58,2025-09-30,2025-09-30 14:05:51,601208.SH,B,20.230,300
684,58,2025-09-30,2025-09-30 14:05:49,600601.SH,S,10.650,1400
685,59,2025-09-30,2025-09-30 14:05:49,600601.SH,S,10.640,800
686,59,2025-09-30,2025-09-30 14:05:49,600601.SH,S,10.640,100
687,61,2025-09-30,2025-09-30 14:05:41,600737.SH,B,15.970,300
688,58,2025-09-30,2025-09-30 14:05:40,600721.SH,S,9.390,100
689,52,2025-09-30,2025-09-30 14:05:31,600721.SH,S,9.390,100
690,58,2025-09-30,2025-09-30 14:05:26,603506.SH,S,13.840,300
691,52,2025-09-30,2025-09-30 14:05:12,603506.SH,S,13.840,200
692,58,2025-09-30,2025-09-30 14:05:21,600673.SH,B,23.430,200
693,58,2025-09-30,2025-09-30 14:05:21,600673.SH,B,23.430,100
694,63,2025-09-30,2025-09-30 14:05:21,600673.SH,B,23.430,100
695,61,2025-09-30,2025-09-30 14:05:21,600673.SH,B,23.430,100
696,52,2025-09-30,2025-09-30 14:05:13,002765.SZ,S,14.410,600
697,52,2025-09-30,2025-09-30 14:05:20,600673.SH,B,23.430,300
698,59,2025-09-30,2025-09-30 14:05:18,300761.SZ,B,21.640,100
699,59,2025-09-30,2025-09-30 14:05:18,300761.SZ,B,21.640,100
700,59,2025-09-30,2025-09-30 14:05:17,300761.SZ,B,21.640,100
701,59,2025-09-30,2025-09-30 14:05:14,300018.SZ,S,9.120,200
702,59,2025-09-30,2025-09-30 14:05:14,300018.SZ,S,9.120,300
703,59,2025-09-30,2025-09-30 14:05:14,300018.SZ,S,9.120,300
704,61,2025-09-30,2025-09-30 14:05:14,300018.SZ,S,9.120,300
705,61,2025-09-30,2025-09-30 14:05:14,300018.SZ,S,9.120,300
706,61,2025-09-30,2025-09-30 14:05:14,300018.SZ,S,9.120,100
707,58,2025-09-30,2025-09-30 14:05:12,002765.SZ,S,14.410,100
708,58,2025-09-30,2025-09-30 14:05:12,002765.SZ,S,14.410,1600
709,61,2025-09-30,2025-09-30 14:05:12,002765.SZ,S,14.410,300
710,63,2025-09-30,2025-09-30 14:05:10,002765.SZ,S,14.410,300
711,61,2025-09-30,2025-09-30 14:05:08,300761.SZ,B,21.640,100
712,61,2025-09-30,2025-09-30 14:05:08,300761.SZ,B,21.640,300
713,58,2025-09-30,2025-09-30 14:05:04,603305.SH,S,18.170,300
714,61,2025-09-30,2025-09-30 14:05:04,000949.SZ,S,4.360,100
715,63,2025-09-30,2025-09-30 14:05:03,000776.SZ,B,22.640,200
716,63,2025-09-30,2025-09-30 14:04:45,300408.SZ,B,46.130,100
717,58,2025-09-30,2025-09-30 14:04:38,301256.SZ,S,10.870,300
718,52,2025-09-30,2025-09-30 14:04:37,301256.SZ,S,10.870,100
719,59,2025-09-30,2025-09-30 14:04:33,601231.SH,B,21.810,400
720,58,2025-09-30,2025-09-30 14:04:33,002046.SZ,S,26.460,100
721,58,2025-09-30,2025-09-30 14:04:33,601231.SH,B,21.810,800
722,52,2025-09-30,2025-09-30 14:04:33,601231.SH,B,21.810,600
723,61,2025-09-30,2025-09-30 14:04:33,601231.SH,B,21.810,500
724,63,2025-09-30,2025-09-30 14:04:33,601231.SH,B,21.810,400
725,61,2025-09-30,2025-09-30 14:04:31,603507.SH,S,26.620,100
726,59,2025-09-30,2025-09-30 14:04:27,603328.SH,S,11.760,100
727,58,2025-09-30,2025-09-30 14:04:26,603507.SH,S,26.620,100
728,52,2025-09-30,2025-09-30 14:04:04,300409.SZ,B,25.320,400
729,58,2025-09-30,2025-09-30 14:04:14,600601.SH,S,10.750,1900
730,52,2025-09-30,2025-09-30 14:04:12,600601.SH,S,10.750,800
731,59,2025-09-30,2025-09-30 14:04:12,300409.SZ,B,25.330,600
732,61,2025-09-30,2025-09-30 14:04:11,300409.SZ,B,25.330,1900
733,59,2025-09-30,2025-09-30 14:04:08,300421.SZ,S,18.910,500
734,61,2025-09-30,2025-09-30 14:04:08,600601.SH,S,10.750,500
735,63,2025-09-30,2025-09-30 14:04:08,600601.SH,S,10.750,800
736,61,2025-09-30,2025-09-30 14:04:08,600601.SH,S,10.750,1800
737,61,2025-09-30,2025-09-30 14:04:07,300421.SZ,S,18.910,100
738,61,2025-09-30,2025-09-30 14:04:07,300421.SZ,S,18.910,100
739,61,2025-09-30,2025-09-30 14:04:07,300421.SZ,S,18.910,100
740,61,2025-09-30,2025-09-30 14:04:07,300421.SZ,S,18.910,100
741,63,2025-09-30,2025-09-30 14:04:07,300421.SZ,S,18.910,200
742,61,2025-09-30,2025-09-30 14:04:07,300421.SZ,S,18.910,400
743,63,2025-09-30,2025-09-30 14:04:07,300421.SZ,S,18.910,100
744,59,2025-09-30,2025-09-30 14:04:05,002815.SZ,B,15.040,100
745,61,2025-09-30,2025-09-30 14:04:05,002815.SZ,B,15.040,600
746,58,2025-09-30,2025-09-30 14:04:04,300409.SZ,B,25.320,600
747,59,2025-09-30,2025-09-30 14:04:01,600601.SH,S,10.740,300
748,59,2025-09-30,2025-09-30 14:04:01,600601.SH,S,10.740,600
749,52,2025-09-30,2025-09-30 14:02:50,300421.SZ,S,18.900,400
750,52,2025-09-30,2025-09-30 14:02:50,300421.SZ,S,18.900,100
751,52,2025-09-30,2025-09-30 14:03:43,600795.SH,S,4.990,100
752,58,2025-09-30,2025-09-30 14:03:46,002815.SZ,B,15.040,200
753,63,2025-09-30,2025-09-30 14:03:45,002938.SZ,B,55.730,100
754,58,2025-09-30,2025-09-30 14:03:38,002815.SZ,B,15.040,200
755,58,2025-09-30,2025-09-30 14:03:36,603863.SH,S,22.830,200
756,58,2025-09-30,2025-09-30 14:03:34,300926.SZ,S,31.240,200
757,63,2025-09-30,2025-09-30 14:03:33,002236.SZ,B,20.100,400
758,59,2025-09-30,2025-09-30 14:03:31,002550.SZ,B,9.020,300
759,61,2025-09-30,2025-09-30 14:03:31,002550.SZ,B,9.020,500
760,58,2025-09-30,2025-09-30 14:03:29,300207.SZ,B,33.940,300
761,61,2025-09-30,2025-09-30 14:03:18,002536.SZ,B,24.410,300
762,63,2025-09-30,2025-09-30 14:03:18,002536.SZ,B,24.410,100
763,52,2025-09-30,2025-09-30 14:03:16,601339.SH,S,5.390,100
764,58,2025-09-30,2025-09-30 14:03:15,002550.SZ,B,9.020,600
765,58,2025-09-30,2025-09-30 14:03:09,603300.SH,B,9.680,900
766,52,2025-09-30,2025-09-30 14:03:08,600114.SH,S,33.130,100
767,59,2025-09-30,2025-09-30 14:03:08,301256.SZ,S,10.880,100
768,61,2025-09-30,2025-09-30 14:03:07,600114.SH,S,33.140,100
769,58,2025-09-30,2025-09-30 14:03:06,002436.SZ,S,22.180,200
770,63,2025-09-30,2025-09-30 14:03:06,603319.SH,S,44.480,100
771,63,2025-09-30,2025-09-30 14:03:06,601872.SH,S,8.860,200
772,61,2025-09-30,2025-09-30 14:03:05,603305.SH,S,18.190,300
773,63,2025-09-30,2025-09-30 14:03:03,601166.SH,B,19.850,800
774,61,2025-09-30,2025-09-30 14:03:02,301256.SZ,S,10.880,400
775,52,2025-09-30,2025-09-30 14:02:45,002456.SZ,S,13.060,200
776,58,2025-09-30,2025-09-30 14:02:50,603300.SH,B,9.680,100
777,58,2025-09-30,2025-09-30 14:02:43,002456.SZ,S,13.060,500
778,58,2025-09-30,2025-09-30 14:02:42,002456.SZ,S,13.060,100
779,52,2025-09-30,2025-09-30 14:02:10,603300.SH,B,9.680,100
780,63,2025-09-30,2025-09-30 14:02:40,002276.SZ,S,18.140,400
781,52,2025-09-30,2025-09-30 14:02:39,002276.SZ,S,18.140,100
782,58,2025-09-30,2025-09-30 14:02:39,002276.SZ,S,18.140,100
783,61,2025-09-30,2025-09-30 14:02:36,301216.SZ,S,20.590,400
784,59,2025-09-30,2025-09-30 14:02:36,301216.SZ,S,20.590,200
785,58,2025-09-30,2025-09-30 14:02:36,301216.SZ,S,20.600,300
786,52,2025-09-30,2025-09-30 14:02:34,301216.SZ,S,20.580,100
787,63,2025-09-30,2025-09-30 14:02:32,002436.SZ,S,22.200,200
788,61,2025-09-30,2025-09-30 14:02:31,002090.SZ,S,11.480,100
789,59,2025-09-30,2025-09-30 14:02:30,603863.SH,S,22.830,100
790,58,2025-09-30,2025-09-30 14:02:31,002090.SZ,S,11.480,100
791,58,2025-09-30,2025-09-30 14:02:31,300421.SZ,S,18.910,800
792,61,2025-09-30,2025-09-30 14:02:30,603863.SH,S,22.830,300
793,52,2025-09-30,2025-09-30 14:02:10,603300.SH,B,9.680,500
794,52,2025-09-30,2025-09-30 14:02:25,601600.SH,B,8.210,300
795,52,2025-09-30,2025-09-30 14:02:25,601600.SH,B,8.210,300
796,52,2025-09-30,2025-09-30 14:02:13,002475.SZ,S,64.290,100
797,63,2025-09-30,2025-09-30 14:02:06,600150.SH,B,34.580,300
798,58,2025-09-30,2025-09-30 14:01:53,300128.SZ,S,6.410,700
799,52,2025-09-30,2025-09-30 14:01:49,300128.SZ,S,6.410,200
800,59,2025-09-30,2025-09-30 14:01:43,600487.SH,B,22.850,300
801,63,2025-09-30,2025-09-30 14:01:43,600487.SH,B,22.850,400
802,61,2025-09-30,2025-09-30 14:01:43,600487.SH,B,22.850,400
803,61,2025-09-30,2025-09-30 14:01:34,002973.SZ,S,16.010,100
804,63,2025-09-30,2025-09-30 14:01:32,300308.SZ,S,401.140,200
805,52,2025-09-30,2025-09-30 14:01:19,002936.SZ,S,1.990,100
806,59,2025-09-30,2025-09-30 14:01:27,600745.SH,B,46.480,100
807,61,2025-09-30,2025-09-30 14:01:27,600745.SH,B,46.480,100
808,63,2025-09-30,2025-09-30 14:01:24,601766.SH,B,7.480,1100
809,63,2025-09-30,2025-09-30 14:01:22,300207.SZ,B,33.820,200
810,61,2025-09-30,2025-09-30 14:01:22,300207.SZ,B,33.820,200
811,52,2025-09-30,2025-09-30 14:01:19,000776.SZ,B,22.650,400
812,63,2025-09-30,2025-09-30 14:01:15,002146.SZ,S,1.610,500
813,63,2025-09-30,2025-09-30 14:01:15,002146.SZ,S,1.610,100
814,61,2025-09-30,2025-09-30 14:01:14,000962.SZ,B,24.210,100
815,58,2025-09-30,2025-09-30 13:58:30,000949.SZ,S,4.340,100
816,58,2025-09-30,2025-09-30 13:58:30,600478.SH,S,6.550,100
817,63,2025-09-30,2025-09-30 13:58:30,600905.SH,S,4.250,100
818,61,2025-09-30,2025-09-30 13:58:30,600157.SH,S,1.630,100
819,58,2025-09-30,2025-09-30 13:58:29,002445.SZ,S,2.600,100
820,61,2025-09-30,2025-09-30 13:58:22,600721.SH,S,9.350,400
821,58,2025-09-30,2025-09-30 13:58:16,600721.SH,S,9.340,400
822,58,2025-09-30,2025-09-30 13:58:15,002536.SZ,B,24.380,200
823,58,2025-09-30,2025-09-30 13:58:15,000962.SZ,B,24.220,200
824,59,2025-09-30,2025-09-30 13:58:14,000008.SZ,S,2.840,100
825,58,2025-09-30,2025-09-30 13:58:13,600169.SH,S,2.630,200
826,61,2025-09-30,2025-09-30 13:58:13,002183.SZ,S,5.270,450
827,61,2025-09-30,2025-09-30 13:58:13,002183.SZ,S,5.270,550
828,58,2025-09-30,2025-09-30 13:58:09,688312.SH,S,34.330,173
829,61,2025-09-30,2025-09-30 13:58:07,603380.SH,B,47.760,100
830,61,2025-09-30,2025-09-30 13:58:07,002662.SZ,S,3.910,100
831,61,2025-09-30,2025-09-30 13:58:07,002183.SZ,S,5.270,1000
832,58,2025-09-30,2025-09-30 13:58:06,300267.SZ,B,3.390,200
833,58,2025-09-30,2025-09-30 13:58:06,300267.SZ,B,3.390,600
834,58,2025-09-30,2025-09-30 13:58:03,688312.SH,S,34.330,89
835,58,2025-09-30,2025-09-30 13:58:02,002321.SZ,S,2.960,100
836,63,2025-09-30,2025-09-30 13:58:00,300421.SZ,S,18.890,500
837,59,2025-09-30,2025-09-30 13:57:59,002456.SZ,B,13.030,1000
838,61,2025-09-30,2025-09-30 13:57:59,002456.SZ,B,13.030,2100
839,61,2025-09-30,2025-09-30 13:57:57,603380.SH,B,47.740,100
840,61,2025-09-30,2025-09-30 13:57:54,605376.SH,S,64.540,100
841,61,2025-09-30,2025-09-30 13:57:48,300267.SZ,B,3.390,600
842,58,2025-09-30,2025-09-30 13:57:46,600157.SH,S,1.630,100
843,61,2025-09-30,2025-09-30 13:57:46,600337.SH,S,2.290,100
844,61,2025-09-30,2025-09-30 13:57:45,601975.SH,S,3.040,200
845,63,2025-09-30,2025-09-30 13:57:25,002436.SZ,B,22.100,200
846,63,2025-09-30,2025-09-30 13:57:22,600028.SH,S,5.290,100
847,58,2025-09-30,2025-09-30 13:57:20,002456.SZ,B,13.030,1800
848,59,2025-09-30,2025-09-30 13:57:19,000056.SZ,S,2.620,100
849,61,2025-09-30,2025-09-30 13:57:18,000056.SZ,S,2.620,100
850,52,2025-09-30,2025-09-30 13:57:13,002072.SZ,S,7.640,100
851,61,2025-09-30,2025-09-30 13:57:12,002133.SZ,S,3.550,100
852,59,2025-09-30,2025-09-30 13:57:12,002133.SZ,S,3.550,100
853,61,2025-09-30,2025-09-30 13:57:00,000962.SZ,B,24.220,200
854,63,2025-09-30,2025-09-30 13:56:51,601988.SH,B,5.190,400
855,63,2025-09-30,2025-09-30 13:56:51,601988.SH,B,5.190,1400
856,63,2025-09-30,2025-09-30 13:56:51,601988.SH,B,5.190,1000
857,63,2025-09-30,2025-09-30 13:56:51,601988.SH,B,5.190,100
858,52,2025-09-30,2025-09-30 13:49:33,688239.SH,S,44.280,121
859,63,2025-09-30,2025-09-30 13:56:29,300686.SZ,S,15.060,300
860,61,2025-09-30,2025-09-30 13:56:28,603809.SH,S,16.760,300
861,63,2025-09-30,2025-09-30 13:56:28,603809.SH,S,16.760,600
862,58,2025-09-30,2025-09-30 13:56:10,002739.SZ,S,12.330,100
863,58,2025-09-30,2025-09-30 13:56:05,002248.SZ,S,10.410,300
864,63,2025-09-30,2025-09-30 13:55:56,600658.SH,S,5.550,100
865,58,2025-09-30,2025-09-30 13:55:52,605189.SH,S,15.730,100
866,58,2025-09-30,2025-09-30 13:55:40,603829.SH,S,23.100,200
867,58,2025-09-30,2025-09-30 13:55:40,603809.SH,S,16.740,200
868,52,2025-09-30,2025-09-30 13:55:29,603829.SH,S,23.100,100
869,61,2025-09-30,2025-09-30 13:55:30,002248.SZ,S,10.410,300
870,61,2025-09-30,2025-09-30 13:55:29,688538.SH,S,2.870,200
871,58,2025-09-30,2025-09-30 13:55:28,688538.SH,S,2.870,200
872,61,2025-09-30,2025-09-30 13:55:28,002550.SZ,S,9.010,400
873,61,2025-09-30,2025-09-30 13:55:14,600819.SH,S,7.090,100
874,63,2025-09-30,2025-09-30 13:55:13,603319.SH,S,44.460,100
875,63,2025-09-30,2025-09-30 13:55:05,000592.SZ,S,3.550,800
876,61,2025-09-30,2025-09-30 13:55:02,002303.SZ,S,4.520,100
877,63,2025-09-30,2025-09-30 13:55:00,600989.SH,B,17.730,600
878,61,2025-09-30,2025-09-30 13:54:58,301150.SZ,B,41.350,100
879,52,2025-09-30,2025-09-30 13:54:46,002456.SZ,B,13.030,700
880,52,2025-09-30,2025-09-30 13:54:40,300086.SZ,S,7.170,200
881,63,2025-09-30,2025-09-30 13:54:34,601658.SH,B,5.740,7100
882,58,2025-09-30,2025-09-30 13:54:28,601975.SH,S,3.040,100
883,58,2025-09-30,2025-09-30 13:54:10,600545.SH,S,2.830,100
884,58,2025-09-30,2025-09-30 13:54:11,300149.SZ,S,11.470,100
885,63,2025-09-30,2025-09-30 13:54:06,600025.SH,S,9.480,100
886,58,2025-09-30,2025-09-30 13:54:02,300086.SZ,S,7.140,700
887,58,2025-09-30,2025-09-30 13:53:54,600745.SH,B,46.490,200
888,61,2025-09-30,2025-09-30 13:53:47,002674.SZ,S,15.570,100
889,58,2025-09-30,2025-09-30 13:53:42,603380.SH,B,47.670,200
890,58,2025-09-30,2025-09-30 13:53:28,002456.SZ,B,13.030,6200
891,63,2025-09-30,2025-09-30 13:53:19,000776.SZ,B,22.690,400
892,58,2025-09-30,2025-09-30 13:53:18,002072.SZ,S,7.630,100
893,61,2025-09-30,2025-09-30 13:53:17,000509.SZ,S,3.250,100
894,63,2025-09-30,2025-09-30 13:53:17,603809.SH,S,16.690,700
895,61,2025-09-30,2025-09-30 13:53:17,603809.SH,S,16.690,400
896,58,2025-09-30,2025-09-30 13:53:17,002676.SZ,S,9.710,100
897,58,2025-09-30,2025-09-30 13:53:14,300889.SZ,S,19.110,100
898,59,2025-09-30,2025-09-30 13:53:12,002511.SZ,S,8.220,100
899,61,2025-09-30,2025-09-30 13:53:11,688307.SH,S,37.000,218
900,58,2025-09-30,2025-09-30 13:53:09,300790.SZ,S,32.040,100
901,58,2025-09-30,2025-09-30 13:52:59,000962.SZ,B,24.260,200
902,59,2025-09-30,2025-09-30 13:52:46,002183.SZ,S,5.280,700
903,52,2025-09-30,2025-09-30 13:52:45,000932.SZ,S,6.460,400
904,61,2025-09-30,2025-09-30 13:52:44,003036.SZ,S,17.630,200
905,61,2025-09-30,2025-09-30 13:52:36,002055.SZ,S,7.900,100
906,58,2025-09-30,2025-09-30 13:52:31,688307.SH,S,37.020,418
907,58,2025-09-30,2025-09-30 13:52:29,300258.SZ,S,15.690,100
908,58,2025-09-30,2025-09-30 13:52:26,600156.SH,S,8.750,100
909,58,2025-09-30,2025-09-30 13:52:26,300565.SZ,S,12.710,100
910,59,2025-09-30,2025-09-30 13:52:26,002456.SZ,B,13.040,1300
911,59,2025-09-30,2025-09-30 13:52:21,002456.SZ,B,13.040,800
912,61,2025-09-30,2025-09-30 13:52:21,002456.SZ,B,13.040,300
913,61,2025-09-30,2025-09-30 13:52:21,002456.SZ,B,13.040,3800
914,59,2025-09-30,2025-09-30 13:52:11,300854.SZ,S,20.570,100
915,52,2025-09-30,2025-09-30 13:52:11,002183.SZ,S,5.280,500
916,58,2025-09-30,2025-09-30 13:52:11,300517.SZ,S,12.120,100
917,61,2025-09-30,2025-09-30 13:52:10,300854.SZ,S,20.570,100
918,58,2025-09-30,2025-09-30 13:52:08,002183.SZ,S,5.280,1800
919,58,2025-09-30,2025-09-30 13:52:08,300665.SZ,S,9.830,100
920,52,2025-09-30,2025-09-30 13:52:08,300665.SZ,S,9.830,100
921,52,2025-09-30,2025-09-30 13:52:07,603328.SH,S,11.740,100
922,58,2025-09-30,2025-09-30 13:52:07,603201.SH,S,19.030,100
923,59,2025-09-30,2025-09-30 13:52:05,601616.SH,S,4.070,100
924,61,2025-09-30,2025-09-30 13:52:04,601616.SH,S,4.070,100
925,58,2025-09-30,2025-09-30 13:52:00,300382.SZ,S,16.460,100
926,58,2025-09-30,2025-09-30 13:52:00,601616.SH,S,4.070,100
927,52,2025-09-30,2025-09-30 13:51:59,601616.SH,S,4.070,100
928,61,2025-09-30,2025-09-30 13:51:59,603380.SH,B,47.610,100
929,58,2025-09-30,2025-09-30 13:51:57,002396.SZ,S,30.240,100
930,58,2025-09-30,2025-09-30 13:51:52,000703.SZ,S,6.560,100
931,58,2025-09-30,2025-09-30 13:51:40,002536.SZ,B,24.430,600
932,58,2025-09-30,2025-09-30 13:51:38,600284.SH,B,9.980,800
933,61,2025-09-30,2025-09-30 13:51:35,003036.SZ,S,17.640,300
934,59,2025-09-30,2025-09-30 13:51:35,003036.SZ,S,17.640,200
935,58,2025-09-30,2025-09-30 13:51:33,603809.SH,S,16.690,300
936,63,2025-09-30,2025-09-30 13:51:33,300207.SZ,B,33.840,100
937,52,2025-09-30,2025-09-30 13:51:25,002456.SZ,B,13.050,2500
938,58,2025-09-30,2025-09-30 13:51:31,600986.SH,S,8.240,100
939,63,2025-09-30,2025-09-30 13:51:31,300539.SZ,S,48.270,100
940,61,2025-09-30,2025-09-30 13:51:30,002636.SZ,B,12.260,100
941,58,2025-09-30,2025-09-30 13:51:29,600261.SH,S,3.620,100
942,63,2025-09-30,2025-09-30 13:51:26,300421.SZ,S,19.020,1300
943,61,2025-09-30,2025-09-30 13:51:25,002436.SZ,B,22.090,300
944,61,2025-09-30,2025-09-30 13:51:26,000657.SZ,B,18.580,100
945,63,2025-09-30,2025-09-30 13:51:25,002436.SZ,B,22.090,100
946,59,2025-09-30,2025-09-30 13:51:25,002072.SZ,S,7.640,100
947,61,2025-09-30,2025-09-30 13:51:23,002815.SZ,B,15.050,200
948,61,2025-09-30,2025-09-30 13:51:23,002815.SZ,B,15.050,200
949,59,2025-09-30,2025-09-30 13:51:23,002815.SZ,B,15.050,200
950,59,2025-09-30,2025-09-30 13:51:22,600284.SH,B,9.980,200
951,61,2025-09-30,2025-09-30 13:51:22,600284.SH,B,9.980,400
952,63,2025-09-30,2025-09-30 13:51:22,601872.SH,S,8.890,100
953,63,2025-09-30,2025-09-30 13:51:20,002436.SZ,B,22.090,300
954,58,2025-09-30,2025-09-30 13:51:20,600330.SH,S,10.900,600
955,63,2025-09-30,2025-09-30 13:51:18,300207.SZ,B,33.860,200
956,58,2025-09-30,2025-09-30 13:51:17,688312.SH,S,34.450,200
957,61,2025-09-30,2025-09-30 13:51:17,600745.SH,B,46.530,200
958,59,2025-09-30,2025-09-30 13:51:17,002248.SZ,S,10.420,300
959,58,2025-09-30,2025-09-30 13:51:15,300249.SZ,S,16.320,100
960,61,2025-09-30,2025-09-30 13:51:15,002011.SZ,B,14.280,100
961,58,2025-09-30,2025-09-30 13:51:12,002858.SZ,S,15.180,100
962,52,2025-09-30,2025-09-30 13:50:09,002248.SZ,S,10.420,300
963,58,2025-09-30,2025-09-30 13:51:09,603633.SH,S,11.810,300
964,52,2025-09-30,2025-09-30 13:50:08,603633.SH,S,11.810,100
965,58,2025-09-30,2025-09-30 13:51:08,600721.SH,S,9.390,500
966,52,2025-09-30,2025-09-30 13:50:08,603633.SH,S,11.810,100
967,61,2025-09-30,2025-09-30 13:51:07,601208.SH,B,20.290,100
968,58,2025-09-30,2025-09-30 13:51:06,002436.SZ,B,22.100,400
969,58,2025-09-30,2025-09-30 13:51:06,600721.SH,S,9.390,100
970,58,2025-09-30,2025-09-30 13:51:00,002036.SZ,S,11.290,100
971,58,2025-09-30,2025-09-30 13:50:54,600721.SH,S,9.390,100
972,58,2025-09-30,2025-09-30 13:50:52,300559.SZ,S,16.080,100
973,58,2025-09-30,2025-09-30 13:50:52,002533.SZ,S,11.840,100
974,58,2025-09-30,2025-09-30 13:50:52,600721.SH,S,9.390,100
975,58,2025-09-30,2025-09-30 13:50:45,300543.SZ,S,12.830,23
976,58,2025-09-30,2025-09-30 13:50:45,300543.SZ,S,12.830,77
977,63,2025-09-30,2025-09-30 13:50:46,601600.SH,S,8.200,100
978,58,2025-09-30,2025-09-30 13:50:45,002815.SZ,B,15.040,400
979,58,2025-09-30,2025-09-30 13:50:45,688239.SH,S,44.240,58
980,61,2025-09-30,2025-09-30 13:50:43,300135.SZ,S,4.360,100
981,58,2025-09-30,2025-09-30 13:50:42,603013.SH,S,26.110,100
982,58,2025-09-30,2025-09-30 13:50:37,605555.SH,S,17.020,100
983,58,2025-09-30,2025-09-30 13:50:34,688239.SH,S,44.240,142
984,52,2025-09-30,2025-09-30 13:50:34,600721.SH,S,9.390,400
985,58,2025-09-30,2025-09-30 13:50:33,002126.SZ,S,41.430,100
986,58,2025-09-30,2025-09-30 13:50:32,300926.SZ,S,31.210,100
987,61,2025-09-30,2025-09-30 13:50:32,600721.SH,S,9.390,1000
988,59,2025-09-30,2025-09-30 13:50:32,600721.SH,S,9.390,100
989,59,2025-09-30,2025-09-30 13:50:32,600721.SH,S,9.390,400
990,61,2025-09-30,2025-09-30 13:50:31,688239.SH,S,44.230,200
991,58,2025-09-30,2025-09-30 13:50:29,002017.SZ,S,22.950,100
992,58,2025-09-30,2025-09-30 13:50:23,300218.SZ,S,18.730,100
993,52,2025-09-30,2025-09-30 13:49:33,688239.SH,S,44.280,79
994,59,2025-09-30,2025-09-30 13:50:22,600675.SH,S,2.960,100
995,63,2025-09-30,2025-09-30 13:50:19,002558.SZ,B,45.410,100
996,61,2025-09-30,2025-09-30 13:50:17,002248.SZ,S,10.420,600
997,58,2025-09-30,2025-09-30 13:50:17,002248.SZ,S,10.420,400
998,58,2025-09-30,2025-09-30 13:50:16,002248.SZ,S,10.420,100
999,61,2025-09-30,2025-09-30 13:50:13,002126.SZ,S,41.450,100
1000,58,2025-09-30,2025-09-30 13:50:13,601311.SH,S,11.230,100
1001,63,2025-09-30,2025-09-30 13:50:10,601998.SH,B,7.200,300
1002,58,2025-09-30,2025-09-30 13:50:08,300703.SZ,S,30.670,100
1003,61,2025-09-30,2025-09-30 13:50:06,603031.SH,S,42.930,400
1004,59,2025-09-30,2025-09-30 13:50:05,000045.SZ,S,12.780,200
1005,61,2025-09-30,2025-09-30 13:50:05,000045.SZ,S,12.780,500
1006,58,2025-09-30,2025-09-30 13:50:04,301607.SZ,S,39.170,100
1007,59,2025-09-30,2025-09-30 13:50:03,603031.SH,S,42.930,100
1008,59,2025-09-30,2025-09-30 13:50:01,603633.SH,S,11.810,200
1009,61,2025-09-30,2025-09-30 13:50:00,603633.SH,S,11.810,300
1010,58,2025-09-30,2025-09-30 13:50:00,300158.SZ,S,6.560,100
1011,61,2025-09-30,2025-09-30 13:49:55,603809.SH,S,16.700,400
1012,63,2025-09-30,2025-09-30 13:49:55,603809.SH,S,16.700,800
1013,59,2025-09-30,2025-09-30 13:49:55,603809.SH,S,16.700,400
1014,61,2025-09-30,2025-09-30 13:49:51,300269.SZ,S,4.940,100
1015,59,2025-09-30,2025-09-30 13:49:38,002536.SZ,B,24.410,200
1016,58,2025-09-30,2025-09-30 13:49:37,000564.SZ,S,2.580,100
1017,58,2025-09-30,2025-09-30 13:49:31,002046.SZ,B,26.300,400
1018,52,2025-09-30,2025-09-30 13:48:22,300018.SZ,S,9.080,100
1019,61,2025-09-30,2025-09-30 13:49:20,002565.SZ,S,7.410,100
1020,58,2025-09-30,2025-09-30 13:49:18,000965.SZ,S,4.170,100
1021,63,2025-09-30,2025-09-30 13:49:09,600000.SH,B,11.940,300
1022,52,2025-09-30,2025-09-30 13:49:06,600448.SH,S,3.370,100
1023,61,2025-09-30,2025-09-30 13:49:05,002354.SZ,S,7.070,100
1024,63,2025-09-30,2025-09-30 13:49:01,300686.SZ,S,15.100,700
1025,58,2025-09-30,2025-09-30 13:48:57,603380.SH,B,47.710,200
1026,61,2025-09-30,2025-09-30 13:48:56,000803.SZ,S,7.020,100
1027,61,2025-09-30,2025-09-30 13:48:50,603380.SH,B,47.700,100
1028,61,2025-09-30,2025-09-30 13:48:50,300086.SZ,S,7.140,200
1029,61,2025-09-30,2025-09-30 13:48:40,300665.SZ,S,9.840,100
1030,63,2025-09-30,2025-09-30 13:48:38,000776.SZ,B,22.720,200
1031,61,2025-09-30,2025-09-30 13:48:34,300086.SZ,S,7.140,500
1032,58,2025-09-30,2025-09-30 13:48:32,003036.SZ,S,17.630,400
1033,61,2025-09-30,2025-09-30 13:48:32,300086.SZ,S,7.140,100
1034,52,2025-09-30,2025-09-30 13:48:31,003036.SZ,S,17.630,100
1035,59,2025-09-30,2025-09-30 13:48:25,300086.SZ,S,7.140,300
1036,61,2025-09-30,2025-09-30 13:48:20,002072.SZ,S,7.640,200
1037,58,2025-09-30,2025-09-30 13:48:14,603300.SH,S,9.680,100
1038,61,2025-09-30,2025-09-30 13:48:10,600330.SH,S,10.890,400
1039,58,2025-09-30,2025-09-30 13:48:09,603031.SH,S,42.880,300
1040,52,2025-09-30,2025-09-30 13:48:05,603031.SH,S,42.880,100
1041,58,2025-09-30,2025-09-30 13:48:08,300196.SZ,S,14.890,100
1042,61,2025-09-30,2025-09-30 13:48:07,002657.SZ,S,32.080,100
1043,63,2025-09-30,2025-09-30 13:48:06,002475.SZ,S,64.160,100
1044,58,2025-09-30,2025-09-30 13:48:05,300581.SZ,S,16.960,100
1045,59,2025-09-30,2025-09-30 13:48:04,600169.SH,S,2.640,100
1046,61,2025-09-30,2025-09-30 13:48:04,600169.SH,S,2.640,200
1047,58,2025-09-30,2025-09-30 13:48:04,300204.SZ,S,34.760,100
1048,58,2025-09-30,2025-09-30 13:48:03,002484.SZ,S,30.090,200
1049,58,2025-09-30,2025-09-30 13:48:04,605488.SH,B,36.230,400
1050,63,2025-09-30,2025-09-30 13:48:03,002276.SZ,S,18.130,100
1051,61,2025-09-30,2025-09-30 13:48:03,002276.SZ,S,18.130,100
1052,63,2025-09-30,2025-09-30 13:48:02,603319.SH,S,44.550,100
1053,61,2025-09-30,2025-09-30 13:47:50,603507.SH,S,26.700,100
1054,58,2025-09-30,2025-09-30 13:47:49,603507.SH,S,26.700,100
1055,52,2025-09-30,2025-09-30 13:47:49,603507.SH,S,26.700,100
1056,58,2025-09-30,2025-09-30 13:47:42,002616.SZ,S,6.920,100
1057,61,2025-09-30,2025-09-30 13:47:40,000837.SZ,S,14.010,200
1058,58,2025-09-30,2025-09-30 13:47:32,002434.SZ,S,9.910,100
1059,59,2025-09-30,2025-09-30 13:47:24,000962.SZ,B,24.280,200
1060,61,2025-09-30,2025-09-30 13:47:24,000962.SZ,B,24.280,400
1061,58,2025-09-30,2025-09-30 13:47:20,000837.SZ,S,14.020,100
1062,61,2025-09-30,2025-09-30 13:47:18,688312.SH,S,34.400,460
1063,59,2025-09-30,2025-09-30 13:47:17,603829.SH,S,23.270,100
1064,61,2025-09-30,2025-09-30 13:47:16,603829.SH,S,23.270,200
1065,58,2025-09-30,2025-09-30 13:47:12,600745.SH,B,46.490,200
1066,61,2025-09-30,2025-09-30 13:47:12,601231.SH,B,21.810,300
1067,52,2025-09-30,2025-09-30 13:46:51,000045.SZ,S,12.800,100
1068,59,2025-09-30,2025-09-30 13:47:10,688307.SH,S,37.140,237
1069,61,2025-09-30,2025-09-30 13:47:10,600745.SH,B,46.450,200
1070,61,2025-09-30,2025-09-30 13:47:10,688307.SH,S,37.140,200
1071,58,2025-09-30,2025-09-30 13:47:06,000045.SZ,S,12.800,400
1072,58,2025-09-30,2025-09-30 13:47:03,300456.SZ,S,25.130,100
1073,52,2025-09-30,2025-09-30 13:46:55,002133.SZ,S,3.550,100
1074,58,2025-09-30,2025-09-30 13:46:56,002617.SZ,S,9.290,100
1075,61,2025-09-30,2025-09-30 13:46:54,002174.SZ,S,11.550,100
1076,61,2025-09-30,2025-09-30 13:46:46,301607.SZ,S,39.200,100
1077,58,2025-09-30,2025-09-30 13:46:46,002980.SZ,S,25.100,100
1078,63,2025-09-30,2025-09-30 13:46:45,600111.SH,S,48.140,100
1079,58,2025-09-30,2025-09-30 13:46:42,301260.SZ,S,20.730,100
1080,59,2025-09-30,2025-09-30 13:46:43,600163.SH,S,5.160,100
1081,58,2025-09-30,2025-09-30 13:46:40,603809.SH,S,16.690,400
1082,58,2025-09-30,2025-09-30 13:46:37,603809.SH,S,16.690,100
1083,52,2025-09-30,2025-09-30 13:46:34,603809.SH,S,16.690,200
1084,52,2025-09-30,2025-09-30 13:46:34,603809.SH,S,16.690,100
1085,61,2025-09-30,2025-09-30 13:46:26,002536.SZ,B,24.440,100
1086,61,2025-09-30,2025-09-30 13:46:26,002536.SZ,B,24.440,300
1087,58,2025-09-30,2025-09-30 13:46:20,600846.SH,S,13.900,100
1088,61,2025-09-30,2025-09-30 13:46:19,605488.SH,B,36.250,100
1089,63,2025-09-30,2025-09-30 13:46:19,300650.SZ,S,22.070,100
1090,63,2025-09-30,2025-09-30 13:46:17,000069.SZ,S,2.640,900
1091,63,2025-09-30,2025-09-30 13:46:16,600016.SH,S,3.970,100
1092,61,2025-09-30,2025-09-30 13:46:15,002146.SZ,S,1.600,100
1093,63,2025-09-30,2025-09-30 13:46:14,300207.SZ,B,33.970,300
1094,61,2025-09-30,2025-09-30 13:43:30,600157.SH,S,1.630,1100
1095,59,2025-09-30,2025-09-30 13:43:30,600157.SH,S,1.630,400
1096,61,2025-09-30,2025-09-30 13:43:20,000009.SZ,B,12.380,400
1097,61,2025-09-30,2025-09-30 13:43:12,600487.SH,B,22.900,300
1098,59,2025-09-30,2025-09-30 13:43:12,600163.SH,B,5.160,100
1099,63,2025-09-30,2025-09-30 13:43:11,300517.SZ,S,12.150,100
1100,58,2025-09-30,2025-09-30 13:43:09,000962.SZ,B,24.190,200
1101,58,2025-09-30,2025-09-30 13:43:05,002126.SZ,B,41.440,100
1102,63,2025-09-30,2025-09-30 13:43:05,601899.SH,B,29.100,500
1103,58,2025-09-30,2025-09-30 13:43:04,600330.SH,B,10.900,600
1104,63,2025-09-30,2025-09-30 13:42:56,002456.SZ,B,13.060,300
1105,58,2025-09-30,2025-09-30 13:42:53,600157.SH,S,1.630,1000
1106,52,2025-09-30,2025-09-30 13:42:53,600157.SH,S,1.630,300
1107,63,2025-09-30,2025-09-30 13:42:52,601899.SH,B,29.100,300
1108,61,2025-09-30,2025-09-30 13:42:42,002126.SZ,B,41.440,200
1109,58,2025-09-30,2025-09-30 13:42:42,002126.SZ,B,41.440,100
1110,61,2025-09-30,2025-09-30 13:42:39,600673.SH,B,23.350,100
1111,63,2025-09-30,2025-09-30 13:42:36,002436.SZ,B,22.000,300
1112,61,2025-09-30,2025-09-30 13:42:35,600673.SH,B,23.350,200
1113,52,2025-09-30,2025-09-30 13:32:19,002133.SZ,S,3.550,300
1114,58,2025-09-30,2025-09-30 13:42:12,002126.SZ,B,41.440,100
1115,58,2025-09-30,2025-09-30 13:42:00,600487.SH,B,22.880,200
1116,58,2025-09-30,2025-09-30 13:41:59,002484.SZ,B,30.090,200
1117,61,2025-09-30,2025-09-30 13:41:51,600330.SH,B,10.890,200
1118,61,2025-09-30,2025-09-30 13:41:49,600330.SH,B,10.890,300
1119,61,2025-09-30,2025-09-30 13:41:35,601598.SH,B,6.420,1000
1120,63,2025-09-30,2025-09-30 13:41:24,603035.SH,S,17.570,100
1121,61,2025-09-30,2025-09-30 13:41:00,688663.SH,S,40.400,398
1122,58,2025-09-30,2025-09-30 13:40:18,600239.SH,S,2.640,200
1123,63,2025-09-30,2025-09-30 13:40:06,600658.SH,S,5.560,600
1124,61,2025-09-30,2025-09-30 13:39:50,002484.SZ,B,30.090,100
1125,52,2025-09-30,2025-09-30 13:39:49,601598.SH,B,6.430,2900
1126,58,2025-09-30,2025-09-30 13:39:46,000009.SZ,B,12.380,600
1127,59,2025-09-30,2025-09-30 13:39:47,688663.SH,S,40.470,51
1128,52,2025-09-30,2025-09-30 13:39:46,000009.SZ,B,12.380,600
1129,58,2025-09-30,2025-09-30 13:39:44,600673.SH,B,23.280,300
1130,61,2025-09-30,2025-09-30 13:39:22,002550.SZ,B,9.010,1000
1131,59,2025-09-30,2025-09-30 13:39:23,002550.SZ,B,9.010,100
1132,59,2025-09-30,2025-09-30 13:39:13,002046.SZ,B,26.330,100
1133,63,2025-09-30,2025-09-30 13:39:13,600000.SH,B,11.940,1200
1134,58,2025-09-30,2025-09-30 13:39:06,000932.SZ,S,6.460,600
1135,58,2025-09-30,2025-09-30 13:38:42,000932.SZ,S,6.460,3100
1136,61,2025-09-30,2025-09-30 13:38:38,600857.SH,S,17.420,1000
1137,59,2025-09-30,2025-09-30 13:38:38,600857.SH,S,17.420,400
1138,63,2025-09-30,2025-09-30 13:38:35,002130.SZ,S,30.560,100
1139,63,2025-09-30,2025-09-30 13:38:14,601600.SH,B,8.200,300
1140,63,2025-09-30,2025-09-30 13:38:06,601899.SH,B,29.050,400
1141,61,2025-09-30,2025-09-30 13:37:49,600846.SH,S,13.680,100
1142,59,2025-09-30,2025-09-30 13:37:38,300432.SZ,S,22.080,100
1143,59,2025-09-30,2025-09-30 13:37:33,300861.SZ,B,17.270,100
1144,58,2025-09-30,2025-09-30 13:37:32,002126.SZ,B,41.370,100
1145,61,2025-09-30,2025-09-30 13:37:23,000932.SZ,S,6.450,600
1146,63,2025-09-30,2025-09-30 13:37:23,000932.SZ,S,6.450,600
1147,61,2025-09-30,2025-09-30 13:37:23,000932.SZ,S,6.450,500
1148,63,2025-09-30,2025-09-30 13:37:23,000932.SZ,S,6.450,300
1149,52,2025-09-30,2025-09-30 13:36:02,002632.SZ,S,10.770,100
1150,61,2025-09-30,2025-09-30 13:37:17,688663.SH,S,40.440,200
1151,59,2025-09-30,2025-09-30 13:37:13,688663.SH,S,40.470,200
1152,59,2025-09-30,2025-09-30 13:37:03,002484.SZ,B,30.100,100
1153,52,2025-09-30,2025-09-30 13:32:21,000932.SZ,S,6.460,100
1154,52,2025-09-30,2025-09-30 13:32:21,000932.SZ,S,6.460,1400
1155,58,2025-09-30,2025-09-30 13:36:23,002126.SZ,B,41.450,100
1156,61,2025-09-30,2025-09-30 13:36:21,002484.SZ,B,30.100,100
1157,61,2025-09-30,2025-09-30 13:36:16,600487.SH,B,22.890,400
1158,61,2025-09-30,2025-09-30 13:36:16,002484.SZ,B,30.100,100
1159,59,2025-09-30,2025-09-30 13:36:10,000837.SZ,B,13.950,100
1160,58,2025-09-30,2025-09-30 13:36:09,000837.SZ,B,13.950,500
1161,61,2025-09-30,2025-09-30 13:36:09,000837.SZ,B,13.950,200
1162,61,2025-09-30,2025-09-30 13:36:09,000837.SZ,B,13.950,400
1163,59,2025-09-30,2025-09-30 13:36:06,003015.SZ,B,16.990,100
1164,61,2025-09-30,2025-09-30 13:36:06,003015.SZ,B,16.990,100
1165,59,2025-09-30,2025-09-30 13:36:06,605228.SH,S,17.090,100
1166,58,2025-09-30,2025-09-30 13:36:06,688663.SH,S,40.470,45
1167,58,2025-09-30,2025-09-30 13:36:06,688663.SH,S,40.470,200
1168,59,2025-09-30,2025-09-30 13:36:04,002097.SZ,B,12.520,100
1169,58,2025-09-30,2025-09-30 13:36:05,688663.SH,S,40.470,200
1170,61,2025-09-30,2025-09-30 13:36:04,002097.SZ,B,12.520,300
1171,63,2025-09-30,2025-09-30 13:36:04,601288.SH,S,6.670,100
1172,63,2025-09-30,2025-09-30 13:36:04,000703.SZ,S,6.550,1900
1173,63,2025-09-30,2025-09-30 13:36:03,000703.SZ,S,6.550,300
1174,63,2025-09-30,2025-09-30 13:36:02,000703.SZ,S,6.550,1000
1175,61,2025-09-30,2025-09-30 13:36:00,000009.SZ,B,12.350,200
1176,61,2025-09-30,2025-09-30 13:35:58,000592.SZ,S,3.540,100
1177,61,2025-09-30,2025-09-30 13:35:55,000009.SZ,B,12.350,500
1178,61,2025-09-30,2025-09-30 13:35:54,000009.SZ,B,12.350,300
1179,59,2025-09-30,2025-09-30 13:35:50,603275.SH,B,53.960,100
1180,63,2025-09-30,2025-09-30 13:35:49,600406.SH,B,23.010,300
1181,63,2025-09-30,2025-09-30 13:35:47,601899.SH,B,29.040,100
1182,63,2025-09-30,2025-09-30 13:35:47,601899.SH,B,29.040,100
1183,58,2025-09-30,2025-09-30 13:35:42,300185.SZ,B,3.170,6300
1184,59,2025-09-30,2025-09-30 13:35:40,000009.SZ,B,12.350,300
1185,58,2025-09-30,2025-09-30 13:35:39,000009.SZ,B,12.350,700
1186,52,2025-09-30,2025-09-30 13:35:39,000009.SZ,B,12.350,800
1187,63,2025-09-30,2025-09-30 13:35:37,601899.SH,B,29.050,200
1188,59,2025-09-30,2025-09-30 13:35:37,002258.SZ,S,13.000,100
1189,61,2025-09-30,2025-09-30 13:35:36,600498.SH,B,27.370,300
1190,59,2025-09-30,2025-09-30 13:35:36,600498.SH,B,27.370,100
1191,59,2025-09-30,2025-09-30 13:35:35,002436.SZ,B,21.930,100
1192,63,2025-09-30,2025-09-30 13:35:34,002436.SZ,B,21.930,400
1193,61,2025-09-30,2025-09-30 13:35:34,002436.SZ,B,21.930,100
1194,58,2025-09-30,2025-09-30 13:35:30,002484.SZ,B,30.080,300
1195,59,2025-09-30,2025-09-30 13:35:29,600675.SH,B,2.950,100
1196,58,2025-09-30,2025-09-30 13:35:27,600487.SH,B,22.890,100
1197,58,2025-09-30,2025-09-30 13:35:27,600487.SH,B,22.890,200
1198,59,2025-09-30,2025-09-30 13:35:26,600487.SH,B,22.890,200
1199,61,2025-09-30,2025-09-30 13:35:26,600487.SH,B,22.890,300
1200,61,2025-09-30,2025-09-30 13:35:26,601208.SH,B,20.200,100
1201,59,2025-09-30,2025-09-30 13:35:24,601208.SH,B,20.200,100
1202,58,2025-09-30,2025-09-30 13:35:24,002303.SZ,S,4.530,100
1203,59,2025-09-30,2025-09-30 13:35:22,600673.SH,B,23.290,200
1204,58,2025-09-30,2025-09-30 13:35:21,002550.SZ,B,9.000,500
1205,58,2025-09-30,2025-09-30 13:35:21,600673.SH,B,23.290,200
1206,61,2025-09-30,2025-09-30 13:35:21,600673.SH,B,23.290,500
1207,61,2025-09-30,2025-09-30 13:35:08,002664.SZ,B,30.700,100
1208,52,2025-09-30,2025-09-30 13:35:05,600721.SH,S,9.410,100
1209,63,2025-09-30,2025-09-30 13:35:04,600819.SH,S,7.100,1100
1210,58,2025-09-30,2025-09-30 13:35:02,002662.SZ,S,3.920,100
1211,63,2025-09-30,2025-09-30 13:35:02,000703.SZ,S,6.550,1400
1212,59,2025-09-30,2025-09-30 13:35:02,000703.SZ,S,6.550,100
1213,59,2025-09-30,2025-09-30 13:34:55,000571.SZ,S,5.100,100
1214,58,2025-09-30,2025-09-30 13:34:53,600857.SH,S,17.350,900
1215,58,2025-09-30,2025-09-30 13:34:53,600246.SH,S,12.270,700
1216,61,2025-09-30,2025-09-30 13:34:53,600246.SH,S,12.270,700
1217,63,2025-09-30,2025-09-30 13:34:53,600246.SH,S,12.270,500
1218,52,2025-09-30,2025-09-30 13:34:53,600857.SH,S,17.350,200
1219,59,2025-09-30,2025-09-30 13:34:50,002431.SZ,S,2.420,100
1220,61,2025-09-30,2025-09-30 13:34:48,601311.SH,S,11.210,100
1221,61,2025-09-30,2025-09-30 13:34:48,002536.SZ,B,24.460,100
1222,61,2025-09-30,2025-09-30 13:34:45,600246.SH,S,12.250,300
1223,58,2025-09-30,2025-09-30 13:34:37,600721.SH,S,9.420,500
1224,61,2025-09-30,2025-09-30 13:34:37,600721.SH,S,9.420,600
1225,59,2025-09-30,2025-09-30 13:34:36,600721.SH,S,9.420,100
1226,63,2025-09-30,2025-09-30 13:34:34,603633.SH,S,11.810,100
1227,63,2025-09-30,2025-09-30 13:34:34,600104.SH,S,17.050,100
1228,61,2025-09-30,2025-09-30 13:34:34,000555.SZ,S,13.750,100
1229,61,2025-09-30,2025-09-30 13:34:33,300258.SZ,S,15.680,100
1230,58,2025-09-30,2025-09-30 13:34:30,688306.SH,S,13.590,129
1231,58,2025-09-30,2025-09-30 13:34:30,688306.SH,S,13.590,163
1232,59,2025-09-30,2025-09-30 13:34:29,002448.SZ,S,11.140,200
1233,58,2025-09-30,2025-09-30 13:34:29,301066.SZ,S,14.960,100
1234,61,2025-09-30,2025-09-30 13:34:30,301066.SZ,S,14.970,100
1235,59,2025-09-30,2025-09-30 13:34:28,600721.SH,S,9.420,200
1236,61,2025-09-30,2025-09-30 13:34:28,002448.SZ,S,11.140,500
1237,61,2025-09-30,2025-09-30 13:34:24,603286.SH,S,44.910,100
1238,58,2025-09-30,2025-09-30 13:34:23,002448.SZ,S,11.140,400
1239,61,2025-09-30,2025-09-30 13:34:22,002858.SZ,S,15.180,100
1240,52,2025-09-30,2025-09-30 13:34:18,002448.SZ,S,11.140,100
1241,58,2025-09-30,2025-09-30 13:34:18,002436.SZ,S,21.970,600
1242,52,2025-09-30,2025-09-30 13:34:17,002436.SZ,S,21.970,400
1243,61,2025-09-30,2025-09-30 13:34:14,002126.SZ,B,41.440,400
1244,59,2025-09-30,2025-09-30 13:34:14,002126.SZ,B,41.440,200
1245,63,2025-09-30,2025-09-30 13:34:11,300575.SZ,S,6.560,500
1246,61,2025-09-30,2025-09-30 13:34:03,002212.SZ,S,9.800,100
1247,58,2025-09-30,2025-09-30 13:33:46,000962.SZ,B,24.130,300
1248,61,2025-09-30,2025-09-30 13:33:40,000962.SZ,B,24.120,100
1249,63,2025-09-30,2025-09-30 13:33:39,300650.SZ,S,22.000,200
1250,59,2025-09-30,2025-09-30 13:33:40,000962.SZ,B,24.120,100
1251,59,2025-09-30,2025-09-30 13:33:25,600330.SH,B,10.860,300
1252,61,2025-09-30,2025-09-30 13:33:25,688307.SH,S,37.180,200
1253,58,2025-09-30,2025-09-30 13:33:21,600330.SH,B,10.870,700
1254,58,2025-09-30,2025-09-30 13:33:10,300546.SZ,S,26.200,100
1255,52,2025-09-30,2025-09-30 13:33:10,300546.SZ,S,26.200,100
1256,61,2025-09-30,2025-09-30 13:33:09,600545.SH,S,2.840,100
1257,59,2025-09-30,2025-09-30 13:33:09,300897.SZ,S,29.660,100
1258,59,2025-09-30,2025-09-30 13:33:08,300897.SZ,S,29.660,100
1259,58,2025-09-30,2025-09-30 13:33:09,300897.SZ,S,29.670,300
1260,52,2025-09-30,2025-09-30 13:33:05,300897.SZ,S,29.670,100
1261,63,2025-09-30,2025-09-30 13:33:04,300686.SZ,S,15.080,200
1262,52,2025-09-30,2025-09-30 13:32:31,300086.SZ,S,7.130,100
1263,59,2025-09-30,2025-09-30 13:32:59,300986.SZ,S,11.530,100
1264,58,2025-09-30,2025-09-30 13:32:59,300986.SZ,S,11.530,200
1265,61,2025-09-30,2025-09-30 13:32:59,300986.SZ,S,11.530,200
1266,52,2025-09-30,2025-09-30 13:32:43,300185.SZ,B,3.170,900
1267,52,2025-09-30,2025-09-30 13:32:43,300185.SZ,B,3.170,600
1268,52,2025-09-30,2025-09-30 13:32:43,300185.SZ,B,3.170,1400
1269,61,2025-09-30,2025-09-30 13:32:35,300897.SZ,S,29.800,400
1270,61,2025-09-30,2025-09-30 13:32:35,300018.SZ,S,9.070,100
1271,59,2025-09-30,2025-09-30 13:32:28,605488.SH,B,36.150,100
1272,61,2025-09-30,2025-09-30 13:32:27,600330.SH,B,10.890,500
1273,61,2025-09-30,2025-09-30 13:32:26,600330.SH,B,10.890,400
1274,63,2025-09-30,2025-09-30 13:32:25,600000.SH,B,11.940,500
1275,63,2025-09-30,2025-09-30 13:32:25,600000.SH,B,11.940,300
1276,63,2025-09-30,2025-09-30 13:32:25,600000.SH,B,11.940,200
1277,63,2025-09-30,2025-09-30 13:32:25,600000.SH,B,11.940,300
1278,59,2025-09-30,2025-09-30 13:32:21,600246.SH,S,12.220,900
1279,61,2025-09-30,2025-09-30 13:32:21,600246.SH,S,12.220,300
1280,61,2025-09-30,2025-09-30 13:32:21,600246.SH,S,12.220,100
1281,61,2025-09-30,2025-09-30 13:32:21,600246.SH,S,12.220,1100
1282,63,2025-09-30,2025-09-30 13:32:21,600246.SH,S,12.220,100
1283,61,2025-09-30,2025-09-30 13:32:21,600246.SH,S,12.220,100
1284,63,2025-09-30,2025-09-30 13:32:21,600246.SH,S,12.220,700
1285,52,2025-09-30,2025-09-30 13:32:19,600246.SH,S,12.210,600
1286,59,2025-09-30,2025-09-30 13:32:19,000932.SZ,S,6.450,1600
1287,58,2025-09-30,2025-09-30 13:32:19,600246.SH,S,12.220,800
1288,58,2025-09-30,2025-09-30 13:32:19,600246.SH,S,12.220,1000
1289,58,2025-09-30,2025-09-30 13:32:19,600246.SH,S,12.220,100
1290,61,2025-09-30,2025-09-30 13:32:19,000932.SZ,S,6.450,3100
1291,63,2025-09-30,2025-09-30 13:32:19,000932.SZ,S,6.450,2400
1292,61,2025-09-30,2025-09-30 13:32:16,300546.SZ,S,26.200,100
1293,58,2025-09-30,2025-09-30 13:28:25,002436.SZ,B,22.150,900
1294,58,2025-09-30,2025-09-30 13:28:25,002436.SZ,B,22.150,200
1295,58,2025-09-30,2025-09-30 13:28:25,002436.SZ,B,22.150,100
1296,58,2025-09-30,2025-09-30 13:28:19,603829.SH,S,23.040,200
1297,52,2025-09-30,2025-09-30 13:28:18,002960.SZ,B,12.760,300
1298,61,2025-09-30,2025-09-30 13:28:15,601598.SH,B,6.420,700
1299,59,2025-09-30,2025-09-30 13:28:14,000008.SZ,B,2.860,100
1300,61,2025-09-30,2025-09-30 13:28:10,002960.SZ,B,12.760,300
1301,61,2025-09-30,2025-09-30 13:28:08,002960.SZ,B,12.760,20
1302,61,2025-09-30,2025-09-30 13:28:08,002960.SZ,B,12.760,100
1303,61,2025-09-30,2025-09-30 13:28:08,002960.SZ,B,12.760,380
1304,58,2025-09-30,2025-09-30 13:28:07,002126.SZ,S,41.510,100
1305,58,2025-09-30,2025-09-30 13:28:06,300002.SZ,S,14.330,300
1306,61,2025-09-30,2025-09-30 13:28:02,002436.SZ,B,22.140,100
1307,61,2025-09-30,2025-09-30 13:28:02,002436.SZ,B,22.140,400
1308,61,2025-09-30,2025-09-30 13:28:01,002960.SZ,B,12.740,100
1309,58,2025-09-30,2025-09-30 13:28:01,002960.SZ,B,12.760,20
1310,58,2025-09-30,2025-09-30 13:28:01,002960.SZ,B,12.760,100
1311,58,2025-09-30,2025-09-30 13:28:01,002960.SZ,B,12.760,100
1312,58,2025-09-30,2025-09-30 13:28:01,002960.SZ,B,12.760,200
1313,58,2025-09-30,2025-09-30 13:28:01,002960.SZ,B,12.760,200
1314,58,2025-09-30,2025-09-30 13:28:01,002960.SZ,B,12.760,100
1315,58,2025-09-30,2025-09-30 13:28:01,002960.SZ,B,12.760,100
1316,58,2025-09-30,2025-09-30 13:28:01,002960.SZ,B,12.760,100
1317,58,2025-09-30,2025-09-30 13:28:01,002960.SZ,B,12.760,100
1318,58,2025-09-30,2025-09-30 13:28:01,002960.SZ,B,12.760,100
1319,58,2025-09-30,2025-09-30 13:28:01,002960.SZ,B,12.760,80
1320,59,2025-09-30,2025-09-30 13:28:00,601777.SH,B,12.630,600
1321,52,2025-09-30,2025-09-30 13:28:01,002436.SZ,B,22.140,500
1322,61,2025-09-30,2025-09-30 13:28:00,002046.SZ,B,26.410,100
1323,61,2025-09-30,2025-09-30 13:28:00,002046.SZ,B,26.410,100
1324,61,2025-09-30,2025-09-30 13:28:00,002046.SZ,B,26.410,100
1325,63,2025-09-30,2025-09-30 13:27:54,002456.SZ,B,13.110,400
1326,59,2025-09-30,2025-09-30 13:27:51,002436.SZ,B,22.170,300
1327,63,2025-09-30,2025-09-30 13:27:48,601818.SH,S,3.360,100
1328,61,2025-09-30,2025-09-30 13:27:43,300002.SZ,S,14.340,600
1329,63,2025-09-30,2025-09-30 13:27:41,600819.SH,S,7.120,200
1330,52,2025-09-30,2025-09-30 13:27:04,600029.SH,S,5.970,100
1331,63,2025-09-30,2025-09-30 13:27:00,603993.SH,B,15.350,500
1332,61,2025-09-30,2025-09-30 13:26:26,600733.SH,S,8.110,100
1333,61,2025-09-30,2025-09-30 13:26:10,300551.SZ,S,13.630,900
1334,59,2025-09-30,2025-09-30 13:26:10,300551.SZ,S,13.630,400
1335,61,2025-09-30,2025-09-30 13:26:10,300551.SZ,S,13.630,100
1336,58,2025-09-30,2025-09-30 13:25:21,002126.SZ,S,41.540,100
1337,61,2025-09-30,2025-09-30 13:24:51,300861.SZ,B,17.330,100
1338,63,2025-09-30,2025-09-30 13:24:45,601616.SH,S,4.080,100
1339,61,2025-09-30,2025-09-30 13:24:45,601777.SH,B,12.630,1500
1340,58,2025-09-30,2025-09-30 13:24:45,601616.SH,S,4.080,100
1341,58,2025-09-30,2025-09-30 13:24:41,002960.SZ,B,12.760,300
1342,52,2025-09-30,2025-09-30 13:24:35,603829.SH,S,22.960,300
1343,61,2025-09-30,2025-09-30 13:24:31,603829.SH,S,22.970,500
1344,58,2025-09-30,2025-09-30 13:24:26,603829.SH,S,22.990,800
1345,63,2025-09-30,2025-09-30 13:24:18,601398.SH,S,7.310,100
1346,58,2025-09-30,2025-09-30 13:23:43,600239.SH,B,2.640,2300
1347,58,2025-09-30,2025-09-30 13:23:38,300128.SZ,S,6.270,1000
1348,61,2025-09-30,2025-09-30 13:23:34,603275.SH,B,54.290,100
1349,58,2025-09-30,2025-09-30 13:23:30,601598.SH,B,6.430,2200
1350,63,2025-09-30,2025-09-30 13:23:16,002258.SZ,S,12.990,500
1351,52,2025-09-30,2025-09-30 13:23:07,002960.SZ,B,12.750,200
1352,52,2025-09-30,2025-09-30 13:23:07,002960.SZ,B,12.750,500
1353,63,2025-09-30,2025-09-30 13:23:01,601998.SH,S,7.240,100
1354,63,2025-09-30,2025-09-30 13:22:55,601658.SH,S,5.740,100
1355,58,2025-09-30,2025-09-30 13:22:40,301248.SZ,S,28.520,100
1356,61,2025-09-30,2025-09-30 13:22:37,002436.SZ,B,22.050,600
1357,58,2025-09-30,2025-09-30 13:22:37,601598.SH,B,6.410,246
1358,61,2025-09-30,2025-09-30 13:22:36,300546.SZ,S,26.280,100
1359,58,2025-09-30,2025-09-30 13:22:36,301248.SZ,S,28.520,100
1360,59,2025-09-30,2025-09-30 13:22:36,300546.SZ,S,26.280,100
1361,58,2025-09-30,2025-09-30 13:22:32,601598.SH,B,6.410,200
1362,58,2025-09-30,2025-09-30 13:22:27,601598.SH,B,6.410,454
1363,63,2025-09-30,2025-09-30 13:22:12,600026.SH,S,12.040,100
1364,58,2025-09-30,2025-09-30 13:22:04,601777.SH,B,12.590,2300
1365,63,2025-09-30,2025-09-30 13:22:03,300018.SZ,S,9.030,400
1366,63,2025-09-30,2025-09-30 13:22:00,000592.SZ,S,3.540,500
1367,63,2025-09-30,2025-09-30 13:21:53,601898.SH,S,11.370,100
1368,61,2025-09-30,2025-09-30 13:21:40,002878.SZ,S,17.870,100
1369,61,2025-09-30,2025-09-30 13:21:32,300836.SZ,S,56.490,100
1370,59,2025-09-30,2025-09-30 13:21:26,601598.SH,B,6.410,1100
1371,61,2025-09-30,2025-09-30 13:21:26,601598.SH,B,6.410,1100
1372,61,2025-09-30,2025-09-30 13:21:22,300836.SZ,S,56.490,200
1373,63,2025-09-30,2025-09-30 13:21:22,603993.SH,B,15.270,300
1374,59,2025-09-30,2025-09-30 13:21:21,603009.SH,B,55.260,100
1375,58,2025-09-30,2025-09-30 13:21:08,002975.SZ,S,60.780,100
1376,63,2025-09-30,2025-09-30 13:21:07,601985.SH,S,8.700,100
1377,63,2025-09-30,2025-09-30 13:21:06,000725.SZ,S,4.160,100
1378,63,2025-09-30,2025-09-30 13:20:55,600337.SH,S,2.300,100
1379,58,2025-09-30,2025-09-30 13:20:54,002126.SZ,S,41.580,100
1380,61,2025-09-30,2025-09-30 13:20:48,002126.SZ,S,41.580,100
1381,61,2025-09-30,2025-09-30 13:20:42,688472.SH,S,13.400,242
1382,59,2025-09-30,2025-09-30 13:20:41,002226.SZ,S,6.820,100
1383,63,2025-09-30,2025-09-30 13:20:35,300767.SZ,S,23.800,200
1384,63,2025-09-30,2025-09-30 13:20:34,603993.SH,B,15.280,1000
1385,63,2025-09-30,2025-09-30 13:20:32,001979.SZ,S,10.170,100
1386,63,2025-09-30,2025-09-30 13:20:29,002456.SZ,B,13.120,500
1387,52,2025-09-30,2025-09-30 13:20:25,600857.SH,S,17.390,100
1388,63,2025-09-30,2025-09-30 13:20:13,601166.SH,S,19.850,100
1389,52,2025-09-30,2025-09-30 13:20:13,300836.SZ,S,56.320,100
1390,52,2025-09-30,2025-09-30 13:20:13,300836.SZ,S,56.320,100
1391,59,2025-09-30,2025-09-30 13:20:09,600684.SH,S,6.270,100
1392,63,2025-09-30,2025-09-30 13:20:03,000069.SZ,S,2.640,2400
1393,61,2025-09-30,2025-09-30 13:19:52,603256.SH,B,35.100,100
1394,61,2025-09-30,2025-09-30 13:19:49,002765.SZ,S,14.460,100
1395,61,2025-09-30,2025-09-30 13:19:28,301248.SZ,S,28.560,200
1396,63,2025-09-30,2025-09-30 13:19:09,600988.SH,B,29.460,100
1397,63,2025-09-30,2025-09-30 13:19:03,600887.SH,S,27.250,100
1398,63,2025-09-30,2025-09-30 13:19:00,300854.SZ,S,20.580,100
1399,52,2025-09-30,2025-09-30 13:18:56,300551.SZ,S,13.670,200
1400,63,2025-09-30,2025-09-30 13:18:53,600406.SH,S,23.020,100
1401,61,2025-09-30,2025-09-30 13:18:48,002533.SZ,S,11.960,100
1402,52,2025-09-30,2025-09-30 13:18:30,603367.SH,S,20.520,100
1403,63,2025-09-30,2025-09-30 13:18:22,601225.SH,S,20.030,100
1404,61,2025-09-30,2025-09-30 13:18:18,002222.SZ,S,50.050,100
1405,58,2025-09-30,2025-09-30 13:18:18,603305.SH,S,18.260,300
1406,58,2025-09-30,2025-09-30 13:18:12,300551.SZ,S,13.680,900
1407,61,2025-09-30,2025-09-30 13:18:10,688170.SH,B,38.780,346
1408,61,2025-09-30,2025-09-30 13:18:05,603829.SH,S,23.170,600
1409,58,2025-09-30,2025-09-30 13:18:04,300158.SZ,S,6.590,100
1410,61,2025-09-30,2025-09-30 13:18:03,300002.SZ,S,14.350,400
1411,61,2025-09-30,2025-09-30 13:18:03,300002.SZ,S,14.350,100
1412,61,2025-09-30,2025-09-30 13:18:03,300002.SZ,S,14.350,100
1413,58,2025-09-30,2025-09-30 13:18:01,300002.SZ,S,14.350,500
1414,52,2025-09-30,2025-09-30 13:18:01,300002.SZ,S,14.350,200
1415,61,2025-09-30,2025-09-30 13:17:58,002436.SZ,B,22.110,600
1416,61,2025-09-30,2025-09-30 13:17:57,002436.SZ,B,22.110,100
1417,59,2025-09-30,2025-09-30 13:17:50,603829.SH,S,23.170,400
1418,59,2025-09-30,2025-09-30 13:17:48,002436.SZ,B,22.110,400
1419,58,2025-09-30,2025-09-30 13:17:47,002436.SZ,B,22.110,1100
1420,52,2025-09-30,2025-09-30 13:17:47,002436.SZ,B,22.110,500
1421,61,2025-09-30,2025-09-30 13:17:47,605488.SH,B,36.430,100
1422,59,2025-09-30,2025-09-30 13:17:42,603626.SH,B,14.560,100
1423,61,2025-09-30,2025-09-30 13:17:42,603626.SH,B,14.560,100
1424,63,2025-09-30,2025-09-30 13:17:40,600010.SH,S,2.370,200
1425,59,2025-09-30,2025-09-30 13:17:32,300836.SZ,S,55.820,200
1426,58,2025-09-30,2025-09-30 13:17:32,300836.SZ,S,55.820,400
1427,61,2025-09-30,2025-09-30 13:17:32,300836.SZ,S,55.820,200
1428,63,2025-09-30,2025-09-30 13:17:31,300836.SZ,S,55.820,300
1429,61,2025-09-30,2025-09-30 13:17:31,002484.SZ,B,30.120,100
1430,61,2025-09-30,2025-09-30 13:17:31,300836.SZ,S,55.820,100
1431,59,2025-09-30,2025-09-30 13:17:30,300128.SZ,S,6.310,1100
1432,61,2025-09-30,2025-09-30 13:17:29,300128.SZ,S,6.310,2900
1433,61,2025-09-30,2025-09-30 13:17:29,300128.SZ,S,6.310,100
1434,59,2025-09-30,2025-09-30 13:17:20,605228.SH,B,17.020,100
1435,63,2025-09-30,2025-09-30 13:17:10,000063.SZ,S,45.150,100
1436,59,2025-09-30,2025-09-30 13:17:04,600675.SH,S,2.960,100
1437,61,2025-09-30,2025-09-30 13:16:56,688170.SH,B,38.800,27
1438,63,2025-09-30,2025-09-30 13:16:52,600105.SH,S,12.770,300
1439,52,2025-09-30,2025-09-30 13:16:43,600236.SH,S,6.540,100
1440,63,2025-09-30,2025-09-30 13:16:50,601600.SH,B,8.190,500
1441,61,2025-09-30,2025-09-30 13:16:43,688170.SH,B,38.800,173
1442,61,2025-09-30,2025-09-30 13:16:34,002269.SZ,S,2.420,100
1443,58,2025-09-30,2025-09-30 13:16:32,300836.SZ,S,55.870,200
1444,59,2025-09-30,2025-09-30 13:16:30,002885.SZ,B,18.710,200
1445,61,2025-09-30,2025-09-30 13:16:28,600330.SH,B,10.940,400
1446,59,2025-09-30,2025-09-30 13:16:24,600330.SH,B,10.940,200
1447,63,2025-09-30,2025-09-30 13:16:24,300324.SZ,S,6.560,100
1448,52,2025-09-30,2025-09-30 13:16:19,300128.SZ,S,6.280,900
1449,59,2025-09-30,2025-09-30 13:16:17,000962.SZ,B,24.210,100
1450,59,2025-09-30,2025-09-30 13:16:17,002975.SZ,S,61.000,100
1451,63,2025-09-30,2025-09-30 13:16:17,603993.SH,B,15.260,1300
1452,61,2025-09-30,2025-09-30 13:16:17,000962.SZ,B,24.200,200
1453,61,2025-09-30,2025-09-30 13:16:17,002975.SZ,S,61.010,100
1454,61,2025-09-30,2025-09-30 13:16:17,000962.SZ,B,24.190,100
1455,58,2025-09-30,2025-09-30 13:16:16,300128.SZ,S,6.290,1600
1456,63,2025-09-30,2025-09-30 13:16:16,603993.SH,B,15.260,200
1457,63,2025-09-30,2025-09-30 13:16:17,600584.SH,S,43.680,200
1458,58,2025-09-30,2025-09-30 13:16:15,000571.SZ,S,5.100,100
1459,63,2025-09-30,2025-09-30 13:16:15,603993.SH,B,15.260,400
1460,61,2025-09-30,2025-09-30 13:13:53,601616.SH,S,4.070,100
1461,61,2025-09-30,2025-09-30 13:13:53,002677.SZ,S,7.430,100
1462,58,2025-09-30,2025-09-30 13:13:07,603305.SH,B,18.220,100
1463,58,2025-09-30,2025-09-30 13:13:07,603305.SH,B,18.220,100
1464,61,2025-09-30,2025-09-30 13:13:06,600169.SH,S,2.640,200
1465,63,2025-09-30,2025-09-30 13:13:05,601872.SH,S,8.790,400
1466,58,2025-09-30,2025-09-30 13:13:04,600169.SH,S,2.640,200
1467,63,2025-09-30,2025-09-30 13:13:03,601600.SH,B,8.190,2200
1468,61,2025-09-30,2025-09-30 13:13:02,603655.SH,B,36.330,100
1469,63,2025-09-30,2025-09-30 13:12:46,601669.SH,S,5.560,100
1470,63,2025-09-30,2025-09-30 13:12:46,000564.SZ,S,2.580,100
1471,58,2025-09-30,2025-09-30 13:12:46,002146.SZ,S,1.600,100
1472,59,2025-09-30,2025-09-30 13:12:46,601975.SH,S,3.040,100
1473,59,2025-09-30,2025-09-30 13:12:22,300158.SZ,S,6.600,200
1474,59,2025-09-30,2025-09-30 13:12:16,600819.SH,S,7.100,100
1475,61,2025-09-30,2025-09-30 13:11:58,000931.SZ,S,5.310,100
1476,58,2025-09-30,2025-09-30 13:11:53,000056.SZ,S,2.640,100
1477,61,2025-09-30,2025-09-30 13:11:41,002126.SZ,B,41.560,100
1478,61,2025-09-30,2025-09-30 13:11:16,002491.SZ,S,5.320,100
1479,63,2025-09-30,2025-09-30 13:11:16,002222.SZ,S,49.710,100
1480,63,2025-09-30,2025-09-30 13:11:04,600584.SH,S,43.470,100
1481,52,2025-09-30,2025-09-30 13:11:01,300002.SZ,B,14.280,900
1482,63,2025-09-30,2025-09-30 13:10:59,600887.SH,B,27.240,500
1483,58,2025-09-30,2025-09-30 13:10:59,300002.SZ,B,14.280,900
1484,58,2025-09-30,2025-09-30 13:10:42,002126.SZ,B,41.530,300
1485,61,2025-09-30,2025-09-30 13:10:40,301248.SZ,B,28.440,300
1486,58,2025-09-30,2025-09-30 13:10:40,301248.SZ,B,28.440,300
1487,61,2025-09-30,2025-09-30 13:10:40,002239.SZ,S,3.300,100
1488,63,2025-09-30,2025-09-30 13:10:11,600415.SH,B,18.580,400
1489,63,2025-09-30,2025-09-30 13:09:58,300002.SZ,B,14.280,500
1490,63,2025-09-30,2025-09-30 13:09:57,301216.SZ,S,20.290,200
1491,61,2025-09-30,2025-09-30 13:09:57,301216.SZ,S,20.290,500
1492,61,2025-09-30,2025-09-30 13:09:53,300002.SZ,B,14.280,1700
1493,63,2025-09-30,2025-09-30 13:09:45,600105.SH,S,12.800,400
1494,58,2025-09-30,2025-09-30 13:09:06,002484.SZ,S,30.070,100
1495,52,2025-09-30,2025-09-30 13:09:04,301216.SZ,S,20.280,200
1496,59,2025-09-30,2025-09-30 13:09:03,301216.SZ,S,20.310,300
1497,58,2025-09-30,2025-09-30 13:09:02,301216.SZ,S,20.310,1100
1498,58,2025-09-30,2025-09-30 13:09:01,301216.SZ,S,20.310,600
1499,58,2025-09-30,2025-09-30 13:08:59,300002.SZ,B,14.260,1000
1500,58,2025-09-30,2025-09-30 13:08:50,300421.SZ,S,19.100,100
1501,59,2025-09-30,2025-09-30 13:08:38,601872.SH,S,8.830,100
1502,61,2025-09-30,2025-09-30 13:08:19,600550.SH,B,8.290,500
1503,61,2025-09-30,2025-09-30 13:08:10,300469.SZ,B,76.810,200
1504,59,2025-09-30,2025-09-30 13:08:03,603655.SH,B,36.280,100
1505,61,2025-09-30,2025-09-30 13:08:03,603655.SH,B,36.280,200
1506,61,2025-09-30,2025-09-30 13:07:53,601975.SH,S,3.040,100
1507,59,2025-09-30,2025-09-30 13:07:53,002550.SZ,B,9.050,100
1508,63,2025-09-30,2025-09-30 13:07:48,001289.SZ,B,17.520,200
1509,63,2025-09-30,2025-09-30 13:07:37,600673.SH,B,23.190,200
1510,52,2025-09-30,2025-09-30 13:07:37,300002.SZ,B,14.280,1100
1511,61,2025-09-30,2025-09-30 13:07:34,300682.SZ,S,19.330,100
1512,63,2025-09-30,2025-09-30 13:07:33,301216.SZ,S,20.290,400
1513,59,2025-09-30,2025-09-30 13:07:30,002303.SZ,S,4.520,100
1514,52,2025-09-30,2025-09-30 13:07:25,301216.SZ,S,20.310,300
1515,61,2025-09-30,2025-09-30 13:07:04,600481.SH,S,6.070,600
1516,63,2025-09-30,2025-09-30 13:07:03,600919.SH,S,10.050,100
1517,63,2025-09-30,2025-09-30 13:07:01,301377.SZ,B,71.980,100
1518,59,2025-09-30,2025-09-30 13:07:01,301377.SZ,B,71.980,100
1519,59,2025-09-30,2025-09-30 13:06:58,600481.SH,S,6.070,200
1520,61,2025-09-30,2025-09-30 13:06:44,301216.SZ,S,20.300,600
1521,59,2025-09-30,2025-09-30 13:06:42,002046.SZ,B,26.430,100
1522,52,2025-09-30,2025-09-30 13:06:29,301216.SZ,S,20.290,100
1523,52,2025-09-30,2025-09-30 13:06:29,301216.SZ,S,20.290,100
1524,63,2025-09-30,2025-09-30 13:06:38,600415.SH,B,18.550,200
1525,61,2025-09-30,2025-09-30 13:06:38,601872.SH,S,8.840,200
1526,63,2025-09-30,2025-09-30 13:06:38,601872.SH,S,8.840,300
1527,63,2025-09-30,2025-09-30 13:06:38,601872.SH,S,8.840,700
1528,63,2025-09-30,2025-09-30 13:06:34,002265.SZ,B,29.890,100
1529,58,2025-09-30,2025-09-30 13:06:24,601975.SH,S,3.040,100
1530,63,2025-09-30,2025-09-30 13:06:20,600887.SH,B,27.190,400
1531,61,2025-09-30,2025-09-30 13:06:15,002878.SZ,B,17.860,300
1532,63,2025-09-30,2025-09-30 13:06:14,300421.SZ,S,19.090,100
1533,63,2025-09-30,2025-09-30 13:06:10,000066.SZ,B,16.940,100
1534,61,2025-09-30,2025-09-30 13:06:06,000703.SZ,S,6.550,100
1535,61,2025-09-30,2025-09-30 13:06:05,002755.SZ,B,20.390,100
1536,61,2025-09-30,2025-09-30 13:06:05,002755.SZ,B,20.390,200
1537,59,2025-09-30,2025-09-30 13:06:05,002755.SZ,B,20.390,100
1538,61,2025-09-30,2025-09-30 13:06:04,000571.SZ,S,5.090,100
1539,61,2025-09-30,2025-09-30 13:06:02,301216.SZ,S,20.310,200
1540,59,2025-09-30,2025-09-30 13:06:02,688658.SH,B,22.180,185
1541,59,2025-09-30,2025-09-30 13:06:01,688658.SH,B,22.180,205
1542,61,2025-09-30,2025-09-30 13:06:00,600866.SH,S,7.590,100
1543,59,2025-09-30,2025-09-30 13:06:00,300543.SZ,S,12.900,100
1544,61,2025-09-30,2025-09-30 13:05:55,000987.SZ,S,7.830,100
1545,58,2025-09-30,2025-09-30 13:05:55,688469.SH,S,6.610,200
1546,61,2025-09-30,2025-09-30 13:05:54,002484.SZ,S,30.090,100
1547,58,2025-09-30,2025-09-30 13:05:52,600550.SH,B,8.290,1200
1548,52,2025-09-30,2025-09-30 13:05:46,300126.SZ,S,9.440,700
1549,63,2025-09-30,2025-09-30 13:05:47,600584.SH,S,43.360,100
1550,63,2025-09-30,2025-09-30 13:05:47,600584.SH,S,43.360,100
1551,63,2025-09-30,2025-09-30 13:05:36,600105.SH,S,12.820,500
1552,63,2025-09-30,2025-09-30 13:05:36,600105.SH,S,12.820,100
1553,58,2025-09-30,2025-09-30 13:05:35,600490.SH,S,6.630,100
1554,63,2025-09-30,2025-09-30 13:05:26,601816.SH,S,5.150,100
1555,58,2025-09-30,2025-09-30 13:05:25,002126.SZ,B,41.500,100
1556,58,2025-09-30,2025-09-30 13:05:25,002126.SZ,B,41.500,100
1557,58,2025-09-30,2025-09-30 13:05:23,301216.SZ,S,20.340,400
1558,58,2025-09-30,2025-09-30 13:05:15,300126.SZ,S,9.430,200
1559,58,2025-09-30,2025-09-30 13:05:13,600481.SH,S,6.060,500
1560,52,2025-09-30,2025-09-30 13:02:07,600481.SH,S,6.060,100
1561,59,2025-09-30,2025-09-30 13:05:08,300363.SZ,S,25.400,100
1562,63,2025-09-30,2025-09-30 13:05:07,603256.SH,B,34.840,100
1563,58,2025-09-30,2025-09-30 13:05:02,300854.SZ,S,20.640,100
1564,52,2025-09-30,2025-09-30 13:05:03,300543.SZ,S,12.910,100
1565,63,2025-09-30,2025-09-30 13:04:58,600010.SH,B,2.370,1000
1566,59,2025-09-30,2025-09-30 13:04:56,002126.SZ,B,41.500,100
1567,61,2025-09-30,2025-09-30 13:04:56,002126.SZ,B,41.500,200
1568,52,2025-09-30,2025-09-30 13:04:41,603305.SH,S,18.240,100
1569,61,2025-09-30,2025-09-30 13:04:50,300435.SZ,S,20.730,100
1570,63,2025-09-30,2025-09-30 13:04:43,002558.SZ,B,45.430,100
1571,61,2025-09-30,2025-09-30 13:04:42,688658.SH,S,22.230,262
1572,61,2025-09-30,2025-09-30 13:04:42,688658.SH,S,22.230,222
1573,59,2025-09-30,2025-09-30 13:04:40,603305.SH,S,18.240,200
1574,63,2025-09-30,2025-09-30 13:04:32,601012.SH,S,17.780,100
1575,61,2025-09-30,2025-09-30 13:04:31,688189.SH,S,11.410,302
1576,52,2025-09-30,2025-09-30 13:04:31,600721.SH,S,9.430,100
1577,58,2025-09-30,2025-09-30 13:04:31,688189.SH,S,11.410,202
1578,61,2025-09-30,2025-09-30 13:04:30,300328.SZ,S,16.910,100
1579,63,2025-09-30,2025-09-30 13:04:25,600988.SH,B,29.650,100
1580,58,2025-09-30,2025-09-30 13:04:22,300002.SZ,B,14.340,1100
1581,63,2025-09-30,2025-09-30 13:04:17,601600.SH,B,8.200,2000
1582,61,2025-09-30,2025-09-30 13:04:16,300126.SZ,S,9.430,200
1583,58,2025-09-30,2025-09-30 13:04:13,002484.SZ,S,30.090,200
1584,58,2025-09-30,2025-09-30 13:04:11,002126.SZ,B,41.450,100
1585,58,2025-09-30,2025-09-30 13:04:10,300324.SZ,S,6.590,100
1586,59,2025-09-30,2025-09-30 13:04:10,002611.SZ,B,18.060,100
1587,63,2025-09-30,2025-09-30 13:04:08,300002.SZ,B,14.340,600
1588,61,2025-09-30,2025-09-30 13:04:08,300002.SZ,B,14.340,1600
1589,59,2025-09-30,2025-09-30 13:04:08,300002.SZ,B,14.340,600
1590,52,2025-09-30,2025-09-30 13:04:06,300002.SZ,B,14.340,1200
1591,58,2025-09-30,2025-09-30 13:04:05,300128.SZ,S,6.240,100
1592,58,2025-09-30,2025-09-30 13:03:58,300158.SZ,B,6.600,600
1593,61,2025-09-30,2025-09-30 13:03:58,300158.SZ,B,6.600,300
1594,61,2025-09-30,2025-09-30 13:03:55,300469.SZ,B,75.980,100
1595,58,2025-09-30,2025-09-30 13:03:55,603657.SH,S,38.850,100
1596,63,2025-09-30,2025-09-30 13:03:51,600570.SH,S,34.460,100
1597,63,2025-09-30,2025-09-30 13:03:44,300018.SZ,S,9.020,100
1598,63,2025-09-30,2025-09-30 13:03:39,002222.SZ,S,49.860,100
1599,63,2025-09-30,2025-09-30 13:03:39,002222.SZ,S,49.860,100
1600,58,2025-09-30,2025-09-30 13:03:33,301248.SZ,B,28.450,300
1601,61,2025-09-30,2025-09-30 13:03:31,300102.SZ,S,12.380,100
1602,59,2025-09-30,2025-09-30 13:03:31,300126.SZ,S,9.430,400
1603,61,2025-09-30,2025-09-30 13:03:31,300126.SZ,S,9.430,100
1604,61,2025-09-30,2025-09-30 13:03:31,300126.SZ,S,9.430,300
1605,61,2025-09-30,2025-09-30 13:03:31,300126.SZ,S,9.430,200
1606,59,2025-09-30,2025-09-30 13:03:24,301248.SZ,B,28.430,100
1607,61,2025-09-30,2025-09-30 13:03:23,301248.SZ,B,28.430,300
1608,59,2025-09-30,2025-09-30 13:03:15,300846.SZ,S,23.870,100
1609,61,2025-09-30,2025-09-30 13:03:13,300846.SZ,S,23.870,200
1610,59,2025-09-30,2025-09-30 13:03:04,603083.SH,B,126.670,100
1611,63,2025-09-30,2025-09-30 13:03:02,603009.SH,B,55.530,100
1612,59,2025-09-30,2025-09-30 13:02:58,002066.SZ,B,14.710,100
1613,59,2025-09-30,2025-09-30 13:02:58,002066.SZ,B,14.710,100
1614,59,2025-09-30,2025-09-30 13:02:57,002246.SZ,S,22.520,200
1615,61,2025-09-30,2025-09-30 13:02:57,002246.SZ,S,22.520,500
1616,61,2025-09-30,2025-09-30 13:02:45,600490.SH,S,6.650,100
1617,63,2025-09-30,2025-09-30 13:02:42,301511.SZ,B,35.530,100
1618,59,2025-09-30,2025-09-30 13:02:41,600330.SH,B,10.920,100
1619,61,2025-09-30,2025-09-30 13:02:41,600330.SH,B,10.920,300
1620,58,2025-09-30,2025-09-30 13:02:39,002222.SZ,S,49.990,100
1621,58,2025-09-30,2025-09-30 13:02:39,300846.SZ,S,23.840,100
1622,52,2025-09-30,2025-09-30 13:02:37,300846.SZ,S,23.840,100
1623,59,2025-09-30,2025-09-30 13:02:34,002878.SZ,S,17.930,100
1624,61,2025-09-30,2025-09-30 13:02:31,600366.SH,S,14.300,100
1625,59,2025-09-30,2025-09-30 13:02:28,605228.SH,S,17.030,100
1626,59,2025-09-30,2025-09-30 13:02:24,300458.SZ,S,51.300,100
1627,63,2025-09-30,2025-09-30 13:02:23,600584.SH,S,43.170,200
1628,63,2025-09-30,2025-09-30 13:02:22,600105.SH,S,12.840,800
1629,63,2025-09-30,2025-09-30 13:02:18,600475.SH,S,14.980,100
1630,61,2025-09-30,2025-09-30 13:02:06,603657.SH,S,38.560,100
1631,63,2025-09-30,2025-09-30 13:02:06,002436.SZ,B,21.960,300
1632,61,2025-09-30,2025-09-30 13:02:04,603959.SH,B,6.550,300
1633,52,2025-09-30,2025-09-30 13:02:04,300565.SZ,S,12.820,100
1634,59,2025-09-30,2025-09-30 13:02:04,603959.SH,B,6.550,100
