,fund_id,trade_dt,trade_time,s_info_windcode,direction,price,qty
0,44,2025-09-24,2025-09-24 14:56:29,000893.SZ,S,37.550,100
1,44,2025-09-24,2025-09-24 14:56:30,600236.SH,B,6.450,500
2,59,2025-09-24,2025-09-24 14:56:30,601975.SH,B,3.110,300
3,61,2025-09-24,2025-09-24 14:56:25,600026.SH,B,12.280,800
4,61,2025-09-24,2025-09-24 14:56:25,600026.SH,B,12.280,200
5,61,2025-09-24,2025-09-24 14:56:24,002476.SZ,S,5.780,600
6,58,2025-09-24,2025-09-24 14:56:23,600026.SH,B,12.280,1000
7,61,2025-09-24,2025-09-24 14:56:23,603959.SH,S,6.110,700
8,61,2025-09-24,2025-09-24 14:56:21,000063.SZ,B,43.920,200
9,61,2025-09-24,2025-09-24 14:56:21,301215.SZ,S,6.840,1800
10,58,2025-09-24,2025-09-24 14:56:20,600221.SH,B,1.610,200
11,52,2025-09-24,2025-09-24 14:56:06,000651.SZ,B,39.980,200
12,44,2025-09-24,2025-09-24 14:56:17,601877.SH,B,28.420,300
13,58,2025-09-24,2025-09-24 14:56:16,002303.SZ,B,4.570,200
14,52,2025-09-24,2025-09-24 14:56:12,002657.SZ,B,32.480,100
15,61,2025-09-24,2025-09-24 14:56:11,600653.SH,B,2.100,300
16,52,2025-09-24,2025-09-24 14:56:09,601328.SH,B,6.900,700
17,61,2025-09-24,2025-09-24 14:56:07,002431.SZ,S,2.450,1700
18,61,2025-09-24,2025-09-24 14:56:06,002428.SZ,B,28.570,300
19,52,2025-09-24,2025-09-24 14:53:49,002662.SZ,S,4.030,1300
20,52,2025-09-24,2025-09-24 14:56:04,002017.SZ,B,23.910,100
21,59,2025-09-24,2025-09-24 14:56:04,002176.SZ,B,9.760,800
22,52,2025-09-24,2025-09-24 14:56:03,603959.SH,S,6.110,500
23,59,2025-09-24,2025-09-24 14:56:03,301248.SZ,S,29.950,100
24,61,2025-09-24,2025-09-24 14:56:03,301248.SZ,S,29.950,400
25,58,2025-09-24,2025-09-24 14:56:02,603016.SH,S,28.590,100
26,61,2025-09-24,2025-09-24 14:56:02,603063.SH,B,33.830,100
27,44,2025-09-24,2025-09-24 14:56:00,002011.SZ,S,14.640,800
28,44,2025-09-24,2025-09-24 14:56:00,002703.SZ,S,14.110,400
29,44,2025-09-24,2025-09-24 14:56:00,002126.SZ,S,41.640,100
30,44,2025-09-24,2025-09-24 14:56:00,300400.SZ,S,26.040,400
31,59,2025-09-24,2025-09-24 14:55:55,300199.SZ,B,23.500,100
32,59,2025-09-24,2025-09-24 14:55:55,300199.SZ,B,23.500,200
33,58,2025-09-24,2025-09-24 14:55:50,001289.SZ,B,16.970,400
34,59,2025-09-24,2025-09-24 14:55:50,300642.SZ,S,23.420,80
35,59,2025-09-24,2025-09-24 14:55:47,300642.SZ,S,23.420,20
36,58,2025-09-24,2025-09-24 14:55:22,000063.SZ,B,43.910,100
37,52,2025-09-24,2025-09-24 14:54:15,002792.SZ,B,16.420,100
38,58,2025-09-24,2025-09-24 14:55:03,002662.SZ,S,4.030,2100
39,59,2025-09-24,2025-09-24 14:55:01,002176.SZ,B,9.740,600
40,58,2025-09-24,2025-09-24 14:55:01,002662.SZ,S,4.030,2300
41,52,2025-09-24,2025-09-24 14:54:58,300565.SZ,B,13.330,300
42,52,2025-09-24,2025-09-24 14:51:45,002662.SZ,S,4.030,900
43,59,2025-09-24,2025-09-24 14:54:46,301215.SZ,S,6.840,1700
44,44,2025-09-24,2025-09-24 14:54:45,000927.SZ,S,2.680,500
45,52,2025-09-24,2025-09-24 14:54:31,601398.SH,B,7.480,100
46,58,2025-09-24,2025-09-24 14:54:30,000651.SZ,B,39.990,700
47,52,2025-09-24,2025-09-24 14:53:48,301216.SZ,B,18.750,100
48,44,2025-09-24,2025-09-24 14:54:11,002706.SZ,S,11.980,200
49,44,2025-09-24,2025-09-24 14:54:10,600684.SH,B,5.930,800
50,44,2025-09-24,2025-09-24 14:54:09,002706.SZ,S,11.980,100
51,44,2025-09-24,2025-09-24 14:54:08,002706.SZ,S,11.980,100
52,58,2025-09-24,2025-09-24 14:54:08,301215.SZ,S,6.840,4000
53,52,2025-09-24,2025-09-24 14:53:28,301215.SZ,S,6.840,1300
54,52,2025-09-24,2025-09-24 14:53:25,300568.SZ,B,13.930,100
55,44,2025-09-24,2025-09-24 14:54:02,600724.SH,B,4.910,1100
56,61,2025-09-24,2025-09-24 14:54:02,001289.SZ,B,16.980,300
57,44,2025-09-24,2025-09-24 14:53:53,301285.SZ,B,51.120,100
58,58,2025-09-24,2025-09-24 14:53:50,301248.SZ,S,29.950,400
59,52,2025-09-24,2025-09-24 14:53:46,301248.SZ,S,29.950,100
60,52,2025-09-24,2025-09-24 14:53:44,600549.SH,B,28.000,100
61,52,2025-09-24,2025-09-24 14:53:44,300101.SZ,B,25.070,100
62,52,2025-09-24,2025-09-24 14:53:40,603216.SH,S,17.510,400
63,58,2025-09-24,2025-09-24 14:53:44,603216.SH,S,17.510,100
64,44,2025-09-24,2025-09-24 14:53:38,300364.SZ,B,26.720,200
65,44,2025-09-24,2025-09-24 14:53:30,600446.SH,B,18.150,200
66,44,2025-09-24,2025-09-24 14:53:26,002378.SZ,B,11.990,600
67,44,2025-09-24,2025-09-24 14:53:23,300955.SZ,B,28.490,100
68,52,2025-09-24,2025-09-24 14:52:01,603928.SH,S,16.490,100
69,58,2025-09-24,2025-09-24 14:53:19,601328.SH,B,6.890,300
70,58,2025-09-24,2025-09-24 14:53:17,601328.SH,B,6.890,300
71,59,2025-09-24,2025-09-24 14:53:12,600026.SH,B,12.270,500
72,59,2025-09-24,2025-09-24 14:53:12,300043.SZ,S,6.690,100
73,61,2025-09-24,2025-09-24 14:53:12,300043.SZ,S,6.690,300
74,58,2025-09-24,2025-09-24 14:53:10,300077.SZ,B,25.390,100
75,58,2025-09-24,2025-09-24 14:53:10,300077.SZ,B,25.390,100
76,44,2025-09-24,2025-09-24 14:53:07,002465.SZ,S,13.390,100
77,44,2025-09-24,2025-09-24 14:53:07,002465.SZ,S,13.390,100
78,44,2025-09-24,2025-09-24 14:53:07,002465.SZ,S,13.390,100
79,44,2025-09-24,2025-09-24 14:53:01,300304.SZ,B,13.850,400
80,58,2025-09-24,2025-09-24 14:52:55,002428.SZ,B,28.520,200
81,58,2025-09-24,2025-09-24 14:52:54,002677.SZ,S,7.660,200
82,58,2025-09-24,2025-09-24 14:52:54,002677.SZ,S,7.660,500
83,58,2025-09-24,2025-09-24 14:52:54,002677.SZ,S,7.660,200
84,58,2025-09-24,2025-09-24 14:52:54,002677.SZ,S,7.660,600
85,58,2025-09-24,2025-09-24 14:52:54,002677.SZ,S,7.660,100
86,58,2025-09-24,2025-09-24 14:52:54,002677.SZ,S,7.660,200
87,58,2025-09-24,2025-09-24 14:52:54,002677.SZ,S,7.660,700
88,58,2025-09-24,2025-09-24 14:52:54,002677.SZ,S,7.660,100
89,59,2025-09-24,2025-09-24 14:52:52,002256.SZ,B,3.030,300
90,44,2025-09-24,2025-09-24 14:52:50,300026.SZ,S,3.690,100
91,44,2025-09-24,2025-09-24 14:52:46,002162.SZ,B,4.190,400
92,44,2025-09-24,2025-09-24 14:52:46,002162.SZ,B,4.190,100
93,44,2025-09-24,2025-09-24 14:52:46,000523.SZ,B,3.210,400
94,44,2025-09-24,2025-09-24 14:52:43,600675.SH,S,2.880,200
95,44,2025-09-24,2025-09-24 14:52:43,600675.SH,S,2.880,300
96,59,2025-09-24,2025-09-24 14:52:24,002431.SZ,S,2.450,700
97,52,2025-09-24,2025-09-24 14:52:18,300043.SZ,S,6.680,100
98,58,2025-09-24,2025-09-24 14:52:17,300043.SZ,S,6.680,200
99,61,2025-09-24,2025-09-24 14:52:14,603936.SH,S,13.430,100
100,59,2025-09-24,2025-09-24 14:52:12,002506.SZ,B,2.580,300
101,58,2025-09-24,2025-09-24 14:52:03,600967.SH,S,18.850,200
102,58,2025-09-24,2025-09-24 14:52:03,603928.SH,S,16.480,200
103,58,2025-09-24,2025-09-24 14:52:01,600967.SH,S,18.850,200
104,61,2025-09-24,2025-09-24 14:51:58,600967.SH,S,18.840,200
105,59,2025-09-24,2025-09-24 14:51:57,603216.SH,S,17.500,100
106,61,2025-09-24,2025-09-24 14:51:57,603928.SH,S,16.480,30
107,61,2025-09-24,2025-09-24 14:51:57,603216.SH,S,17.500,100
108,61,2025-09-24,2025-09-24 14:51:57,603928.SH,S,16.480,170
109,44,2025-09-24,2025-09-24 14:51:55,600995.SH,S,12.460,1100
110,61,2025-09-24,2025-09-24 14:51:45,300185.SZ,S,3.080,500
111,52,2025-09-24,2025-09-24 14:51:01,001289.SZ,B,16.970,100
112,58,2025-09-24,2025-09-24 14:51:43,600549.SH,B,28.000,200
113,61,2025-09-24,2025-09-24 14:51:28,002638.SZ,B,2.620,300
114,61,2025-09-24,2025-09-24 14:51:25,300568.SZ,B,13.930,300
115,58,2025-09-24,2025-09-24 14:51:17,601328.SH,B,6.890,100
116,58,2025-09-24,2025-09-24 14:51:17,601328.SH,B,6.890,200
117,58,2025-09-24,2025-09-24 14:51:17,601328.SH,B,6.890,200
118,58,2025-09-24,2025-09-24 14:51:17,601328.SH,B,6.890,600
119,52,2025-09-24,2025-09-24 14:50:34,603063.SH,B,33.820,100
120,52,2025-09-24,2025-09-24 14:48:01,601113.SH,B,4.300,100
121,59,2025-09-24,2025-09-24 14:51:10,600601.SH,S,10.720,400
122,44,2025-09-24,2025-09-24 14:51:09,000539.SZ,S,4.780,13
123,44,2025-09-24,2025-09-24 14:51:09,000539.SZ,S,4.780,187
124,58,2025-09-24,2025-09-24 14:51:06,603063.SH,B,33.820,200
125,58,2025-09-24,2025-09-24 14:51:03,600226.SH,S,4.280,39
126,58,2025-09-24,2025-09-24 14:51:03,600226.SH,S,4.280,161
127,58,2025-09-24,2025-09-24 14:51:02,603959.SH,S,6.120,2600
128,61,2025-09-24,2025-09-24 14:51:01,603959.SH,S,6.120,1100
129,52,2025-09-24,2025-09-24 14:46:19,002239.SZ,S,3.390,100
130,61,2025-09-24,2025-09-24 14:50:35,600026.SH,B,12.270,1400
131,61,2025-09-24,2025-09-24 14:50:35,600026.SH,B,12.270,600
132,61,2025-09-24,2025-09-24 14:50:35,600026.SH,B,12.270,300
133,61,2025-09-24,2025-09-24 14:50:35,600026.SH,B,12.270,200
134,44,2025-09-24,2025-09-24 14:50:32,600640.SH,S,13.770,200
135,59,2025-09-24,2025-09-24 14:50:29,002392.SZ,S,9.830,100
136,61,2025-09-24,2025-09-24 14:50:28,002392.SZ,S,9.830,200
137,58,2025-09-24,2025-09-24 14:50:19,300642.SZ,B,23.440,200
138,59,2025-09-24,2025-09-24 14:50:15,600549.SH,B,28.020,300
139,44,2025-09-24,2025-09-24 14:50:14,600403.SH,S,3.710,100
140,59,2025-09-24,2025-09-24 14:50:10,600410.SH,S,19.940,100
141,61,2025-09-24,2025-09-24 14:50:09,600410.SH,S,19.940,200
142,52,2025-09-24,2025-09-24 14:49:36,000008.SZ,B,2.850,100
143,52,2025-09-24,2025-09-24 14:50:03,600487.SH,S,22.600,100
144,59,2025-09-24,2025-09-24 14:50:03,603016.SH,S,28.600,100
145,44,2025-09-24,2025-09-24 14:50:03,603083.SH,B,113.800,100
146,61,2025-09-24,2025-09-24 14:50:02,603016.SH,S,28.600,200
147,52,2025-09-24,2025-09-24 14:46:19,002431.SZ,S,2.450,400
148,52,2025-09-24,2025-09-24 14:49:29,002545.SZ,B,13.190,100
149,58,2025-09-24,2025-09-24 14:50:00,002431.SZ,S,2.450,1000
150,58,2025-09-24,2025-09-24 14:50:00,002431.SZ,S,2.450,500
151,44,2025-09-24,2025-09-24 14:50:00,002837.SZ,S,79.100,30
152,44,2025-09-24,2025-09-24 14:49:59,002837.SZ,S,79.100,70
153,58,2025-09-24,2025-09-24 14:49:50,600410.SH,S,19.940,100
154,52,2025-09-24,2025-09-24 14:49:49,600410.SH,S,19.940,100
155,59,2025-09-24,2025-09-24 14:49:37,603959.SH,S,6.120,900
156,58,2025-09-24,2025-09-24 14:49:37,002323.SZ,S,1.720,100
157,61,2025-09-24,2025-09-24 14:49:37,603959.SH,S,6.120,700
158,58,2025-09-24,2025-09-24 14:49:19,002326.SZ,B,16.620,200
159,44,2025-09-24,2025-09-24 14:49:14,600114.SH,S,32.600,100
160,59,2025-09-24,2025-09-24 14:49:08,001289.SZ,B,16.980,100
161,59,2025-09-24,2025-09-24 14:49:08,001289.SZ,B,16.980,200
162,61,2025-09-24,2025-09-24 14:49:07,001289.SZ,B,16.980,100
163,61,2025-09-24,2025-09-24 14:49:07,001289.SZ,B,16.980,100
164,61,2025-09-24,2025-09-24 14:49:07,001289.SZ,B,16.980,100
165,61,2025-09-24,2025-09-24 14:49:07,001289.SZ,B,16.980,100
166,61,2025-09-24,2025-09-24 14:48:56,000063.SZ,B,43.970,300
167,61,2025-09-24,2025-09-24 14:48:56,301215.SZ,S,6.820,900
168,61,2025-09-24,2025-09-24 14:48:54,301215.SZ,S,6.820,1600
169,61,2025-09-24,2025-09-24 14:48:52,301215.SZ,S,6.820,300
170,61,2025-09-24,2025-09-24 14:48:51,000063.SZ,B,43.960,200
171,58,2025-09-24,2025-09-24 14:48:37,000063.SZ,B,43.940,300
172,44,2025-09-24,2025-09-24 14:48:35,002913.SZ,S,42.900,100
173,44,2025-09-24,2025-09-24 14:48:28,002913.SZ,S,42.900,100
174,44,2025-09-24,2025-09-24 14:48:25,688515.SH,S,120.690,68
175,44,2025-09-24,2025-09-24 14:48:14,300618.SZ,S,50.590,100
176,61,2025-09-24,2025-09-24 14:48:14,002476.SZ,S,5.800,1000
177,59,2025-09-24,2025-09-24 14:48:12,002476.SZ,S,5.800,600
178,58,2025-09-24,2025-09-24 14:48:02,002468.SZ,S,18.710,100
179,58,2025-09-24,2025-09-24 14:48:02,002468.SZ,S,18.710,200
180,52,2025-09-24,2025-09-24 14:48:01,600732.SH,S,15.440,100
181,58,2025-09-24,2025-09-24 14:47:58,002392.SZ,S,9.840,200
182,52,2025-09-24,2025-09-24 14:47:27,002392.SZ,S,9.840,100
183,58,2025-09-24,2025-09-24 14:47:36,600684.SH,S,5.940,200
184,59,2025-09-24,2025-09-24 14:47:30,000651.SZ,B,39.990,300
185,61,2025-09-24,2025-09-24 14:47:30,000651.SZ,B,39.990,400
186,59,2025-09-24,2025-09-24 14:47:26,002662.SZ,S,4.030,2000
187,61,2025-09-24,2025-09-24 14:47:26,002662.SZ,S,4.030,5000
188,58,2025-09-24,2025-09-24 14:47:22,300568.SZ,B,13.940,200
189,58,2025-09-24,2025-09-24 14:47:12,600026.SH,B,12.270,800
190,58,2025-09-24,2025-09-24 14:47:11,600026.SH,B,12.270,400
191,58,2025-09-24,2025-09-24 14:47:11,600026.SH,B,12.270,300
192,61,2025-09-24,2025-09-24 14:47:11,600684.SH,S,5.940,200
193,52,2025-09-24,2025-09-24 14:47:09,300456.SZ,B,26.500,100
194,61,2025-09-24,2025-09-24 14:47:00,600226.SH,S,4.270,100
195,59,2025-09-24,2025-09-24 14:46:55,603063.SH,B,33.810,100
196,61,2025-09-24,2025-09-24 14:46:55,603063.SH,B,33.810,200
197,59,2025-09-24,2025-09-24 14:46:53,603063.SH,B,33.810,200
198,44,2025-09-24,2025-09-24 14:46:53,300602.SZ,B,33.910,200
199,58,2025-09-24,2025-09-24 14:46:52,002772.SZ,B,9.370,200
200,61,2025-09-24,2025-09-24 14:46:43,002125.SZ,B,14.010,300
201,52,2025-09-24,2025-09-24 14:46:36,002830.SZ,B,16.930,100
202,44,2025-09-24,2025-09-24 14:46:36,600676.SH,B,5.810,200
203,58,2025-09-24,2025-09-24 14:46:35,002506.SZ,B,2.590,200
204,58,2025-09-24,2025-09-24 14:46:34,002125.SZ,B,14.010,200
205,52,2025-09-24,2025-09-24 14:46:19,002476.SZ,S,5.810,700
206,44,2025-09-24,2025-09-24 14:46:23,601881.SH,S,16.880,200
207,58,2025-09-24,2025-09-24 14:46:18,000659.SZ,B,2.840,100
208,58,2025-09-24,2025-09-24 14:46:18,002476.SZ,S,5.810,500
209,58,2025-09-24,2025-09-24 14:46:18,000659.SZ,B,2.840,100
210,58,2025-09-24,2025-09-24 14:46:18,300346.SZ,B,42.920,100
211,58,2025-09-24,2025-09-24 14:46:17,002476.SZ,S,5.810,900
212,58,2025-09-24,2025-09-24 14:46:17,300346.SZ,B,42.920,100
213,58,2025-09-24,2025-09-24 14:46:15,002638.SZ,B,2.630,200
214,44,2025-09-24,2025-09-24 14:46:09,600795.SH,B,5.030,100
215,44,2025-09-24,2025-09-24 14:46:06,300761.SZ,S,22.720,200
216,44,2025-09-24,2025-09-24 14:46:06,300761.SZ,S,22.730,100
217,44,2025-09-24,2025-09-24 14:45:38,300986.SZ,B,11.060,100
218,44,2025-09-24,2025-09-24 14:45:32,600703.SH,B,15.620,200
219,44,2025-09-24,2025-09-24 14:45:24,000915.SZ,S,31.960,100
220,44,2025-09-24,2025-09-24 14:45:22,600326.SH,B,12.510,700
221,44,2025-09-24,2025-09-24 14:45:19,600744.SH,B,6.380,500
222,44,2025-09-24,2025-09-24 14:45:13,300443.SZ,S,29.370,100
223,44,2025-09-24,2025-09-24 14:45:08,605259.SH,S,26.170,100
224,44,2025-09-24,2025-09-24 14:45:06,605259.SH,S,26.170,100
225,44,2025-09-24,2025-09-24 14:44:44,301161.SZ,S,40.930,200
226,44,2025-09-24,2025-09-24 14:43:55,301200.SZ,B,105.260,100
227,44,2025-09-24,2025-09-24 14:43:53,603786.SH,B,98.360,100
228,44,2025-09-24,2025-09-24 14:43:43,002010.SZ,S,6.370,500
229,44,2025-09-24,2025-09-24 14:43:35,002317.SZ,S,17.770,800
230,58,2025-09-24,2025-09-24 14:43:33,600967.SH,B,18.850,200
231,58,2025-09-24,2025-09-24 14:43:31,002323.SZ,S,1.710,1600
232,52,2025-09-24,2025-09-24 14:43:28,000750.SZ,B,4.520,100
233,59,2025-09-24,2025-09-24 14:43:16,002323.SZ,S,1.710,600
234,61,2025-09-24,2025-09-24 14:43:17,002323.SZ,S,1.710,1900
235,52,2025-09-24,2025-09-24 14:43:14,600221.SH,B,1.610,100
236,44,2025-09-24,2025-09-24 14:43:13,001391.SZ,B,6.620,1400
237,58,2025-09-24,2025-09-24 14:43:09,601328.SH,B,6.890,800
238,44,2025-09-24,2025-09-24 14:43:08,002222.SZ,S,52.940,100
239,58,2025-09-24,2025-09-24 14:43:09,601328.SH,B,6.890,200
240,58,2025-09-24,2025-09-24 14:43:07,002263.SZ,S,3.780,1500
241,52,2025-09-24,2025-09-24 14:43:07,002263.SZ,S,3.780,200
242,44,2025-09-24,2025-09-24 14:43:05,300593.SZ,S,18.150,300
243,52,2025-09-24,2025-09-24 14:43:03,600819.SH,B,7.250,100
244,52,2025-09-24,2025-09-24 14:43:00,300110.SZ,B,3.240,100
245,52,2025-09-24,2025-09-24 14:43:03,601975.SH,B,3.110,100
246,61,2025-09-24,2025-09-24 14:43:00,603536.SH,S,10.080,100
247,61,2025-09-24,2025-09-24 14:43:00,603536.SH,S,10.080,100
248,61,2025-09-24,2025-09-24 14:42:57,600967.SH,B,18.840,200
249,52,2025-09-24,2025-09-24 14:42:50,002323.SZ,S,1.710,500
250,58,2025-09-24,2025-09-24 14:42:49,603928.SH,S,16.480,100
251,52,2025-09-24,2025-09-24 14:42:45,601818.SH,B,3.470,100
252,44,2025-09-24,2025-09-24 14:42:31,601065.SH,B,8.380,100
253,44,2025-09-24,2025-09-24 14:42:31,601065.SH,B,8.380,200
254,44,2025-09-24,2025-09-24 14:42:28,600320.SH,S,4.410,100
255,44,2025-09-24,2025-09-24 14:42:28,600320.SH,S,4.410,100
256,44,2025-09-24,2025-09-24 14:42:28,600320.SH,S,4.410,300
257,44,2025-09-24,2025-09-24 14:42:28,600320.SH,S,4.410,100
258,44,2025-09-24,2025-09-24 14:42:28,600320.SH,S,4.410,400
259,58,2025-09-24,2025-09-24 14:42:24,603536.SH,S,10.090,200
260,52,2025-09-24,2025-09-24 14:42:22,000659.SZ,B,2.840,100
261,61,2025-09-24,2025-09-24 14:42:15,301248.SZ,S,29.990,100
262,44,2025-09-24,2025-09-24 14:42:10,600326.SH,B,12.500,21
263,44,2025-09-24,2025-09-24 14:42:10,600326.SH,B,12.500,100
264,44,2025-09-24,2025-09-24 14:42:10,600326.SH,B,12.500,179
265,58,2025-09-24,2025-09-24 14:42:10,002468.SZ,B,18.620,300
266,59,2025-09-24,2025-09-24 14:42:10,600769.SH,S,11.170,100
267,61,2025-09-24,2025-09-24 14:42:10,600769.SH,S,11.170,200
268,61,2025-09-24,2025-09-24 14:42:10,600769.SH,S,11.170,100
269,58,2025-09-24,2025-09-24 14:42:07,300252.SZ,S,15.100,300
270,44,2025-09-24,2025-09-24 14:42:04,002452.SZ,S,7.640,400
271,44,2025-09-24,2025-09-24 14:42:01,002061.SZ,B,4.290,1000
272,59,2025-09-24,2025-09-24 14:41:36,300642.SZ,B,23.410,200
273,59,2025-09-24,2025-09-24 14:41:36,300642.SZ,B,23.410,100
274,44,2025-09-24,2025-09-24 14:41:31,601339.SH,S,5.410,700
275,44,2025-09-24,2025-09-24 14:41:18,600755.SH,S,6.160,100
276,44,2025-09-24,2025-09-24 14:41:15,002775.SZ,S,4.240,100
277,59,2025-09-24,2025-09-24 14:41:13,300009.SZ,S,10.190,800
278,59,2025-09-24,2025-09-24 14:41:13,300009.SZ,S,10.190,100
279,44,2025-09-24,2025-09-24 14:41:10,002859.SZ,S,32.210,100
280,61,2025-09-24,2025-09-24 14:41:01,002468.SZ,B,18.610,200
281,44,2025-09-24,2025-09-24 14:41:00,300642.SZ,B,23.430,200
282,44,2025-09-24,2025-09-24 14:40:36,002468.SZ,B,18.630,200
283,59,2025-09-24,2025-09-24 14:40:27,002468.SZ,B,18.610,300
284,61,2025-09-24,2025-09-24 14:40:27,002468.SZ,B,18.610,300
285,44,2025-09-24,2025-09-24 14:40:11,600733.SH,B,7.910,500
286,59,2025-09-24,2025-09-24 14:40:07,603928.SH,S,16.490,100
287,61,2025-09-24,2025-09-24 14:40:07,603928.SH,S,16.490,100
288,52,2025-09-24,2025-09-24 14:40:06,000703.SZ,B,6.440,100
289,44,2025-09-24,2025-09-24 14:40:00,002037.SZ,B,10.850,100
290,59,2025-09-24,2025-09-24 14:39:50,603536.SH,S,10.090,100
291,58,2025-09-24,2025-09-24 14:39:38,002677.SZ,S,7.670,1100
292,44,2025-09-24,2025-09-24 14:39:37,300411.SZ,B,13.140,200
293,44,2025-09-24,2025-09-24 14:39:23,002511.SZ,B,8.290,700
294,44,2025-09-24,2025-09-24 14:38:50,601778.SH,S,3.730,500
295,44,2025-09-24,2025-09-24 14:38:50,601778.SH,S,3.730,100
296,44,2025-09-24,2025-09-24 14:37:59,603418.SH,S,71.940,100
297,44,2025-09-24,2025-09-24 14:37:53,600956.SH,S,7.600,100
298,44,2025-09-24,2025-09-24 14:37:53,002006.SZ,S,22.290,200
299,44,2025-09-24,2025-09-24 14:37:43,300947.SZ,B,20.000,100
300,44,2025-09-24,2025-09-24 14:37:26,300066.SZ,B,6.470,2600
301,44,2025-09-24,2025-09-24 14:37:19,300893.SZ,S,31.320,200
302,59,2025-09-24,2025-09-24 14:37:15,002263.SZ,S,3.780,700
303,61,2025-09-24,2025-09-24 14:37:15,002263.SZ,S,3.780,1700
304,61,2025-09-24,2025-09-24 14:37:06,002446.SZ,S,8.570,100
305,52,2025-09-24,2025-09-24 14:36:49,002468.SZ,B,18.630,100
306,58,2025-09-24,2025-09-24 14:36:46,603216.SH,S,17.490,100
307,44,2025-09-24,2025-09-24 14:36:44,600737.SH,S,16.680,400
308,52,2025-09-24,2025-09-24 14:36:43,002815.SZ,B,15.920,100
309,52,2025-09-24,2025-09-24 14:35:04,301248.SZ,S,29.990,100
310,61,2025-09-24,2025-09-24 14:36:28,300185.SZ,B,3.070,800
311,59,2025-09-24,2025-09-24 14:36:24,600601.SH,B,10.720,600
312,44,2025-09-24,2025-09-24 14:36:10,600111.SH,B,46.400,200
313,52,2025-09-24,2025-09-24 14:36:07,002446.SZ,S,8.540,100
314,44,2025-09-24,2025-09-24 14:36:05,600850.SH,S,30.060,100
315,44,2025-09-24,2025-09-24 14:35:56,002543.SZ,S,12.360,100
316,44,2025-09-24,2025-09-24 14:35:49,603920.SH,S,45.380,200
317,44,2025-09-24,2025-09-24 14:35:40,688166.SH,B,72.500,200
318,44,2025-09-24,2025-09-24 14:35:32,600703.SH,B,15.600,400
319,61,2025-09-24,2025-09-24 14:35:33,603216.SH,S,17.490,100
320,58,2025-09-24,2025-09-24 14:35:26,002468.SZ,B,18.540,400
321,44,2025-09-24,2025-09-24 14:35:23,301219.SZ,S,67.200,100
322,44,2025-09-24,2025-09-24 14:35:17,300735.SZ,B,29.950,100
323,52,2025-09-24,2025-09-24 14:35:06,603920.SH,B,45.360,100
324,44,2025-09-24,2025-09-24 14:34:57,600962.SH,S,21.260,100
325,44,2025-09-24,2025-09-24 14:34:52,002378.SZ,B,11.960,1200
326,44,2025-09-24,2025-09-24 14:34:46,000886.SZ,S,6.500,100
327,44,2025-09-24,2025-09-24 14:34:46,000886.SZ,S,6.500,100
328,58,2025-09-24,2025-09-24 14:34:46,600769.SH,S,11.160,200
329,44,2025-09-24,2025-09-24 14:34:40,300226.SZ,B,25.970,200
330,44,2025-09-24,2025-09-24 14:34:40,300226.SZ,B,25.970,100
331,44,2025-09-24,2025-09-24 14:34:36,300489.SZ,B,46.080,100
332,52,2025-09-24,2025-09-24 14:32:00,002026.SZ,B,13.520,100
333,44,2025-09-24,2025-09-24 14:34:25,002565.SZ,S,7.290,300
334,44,2025-09-24,2025-09-24 14:34:25,002565.SZ,S,7.290,100
335,44,2025-09-24,2025-09-24 14:34:23,002565.SZ,S,7.290,200
336,44,2025-09-24,2025-09-24 14:34:20,600703.SH,B,15.600,300
337,44,2025-09-24,2025-09-24 14:34:10,000700.SZ,S,11.370,300
338,52,2025-09-24,2025-09-24 14:34:06,600481.SH,B,5.840,100
339,59,2025-09-24,2025-09-24 14:34:01,003036.SZ,S,17.590,300
340,61,2025-09-24,2025-09-24 14:34:01,003036.SZ,S,17.590,400
341,44,2025-09-24,2025-09-24 14:33:59,601208.SH,S,21.570,200
342,52,2025-09-24,2025-09-24 14:33:48,688360.SH,S,24.810,200
343,44,2025-09-24,2025-09-24 14:33:57,600864.SH,B,7.180,700
344,44,2025-09-24,2025-09-24 14:33:56,002226.SZ,S,6.590,300
345,44,2025-09-24,2025-09-24 14:33:55,002053.SZ,B,12.760,200
346,44,2025-09-24,2025-09-24 14:33:48,600933.SH,S,23.480,100
347,44,2025-09-24,2025-09-24 14:33:47,002965.SZ,S,46.500,100
348,44,2025-09-24,2025-09-24 14:33:44,300521.SZ,B,32.220,100
349,44,2025-09-24,2025-09-24 14:33:41,300199.SZ,S,23.540,100
350,44,2025-09-24,2025-09-24 14:33:40,300430.SZ,S,20.200,100
351,44,2025-09-24,2025-09-24 14:33:39,603966.SH,S,10.990,100
352,44,2025-09-24,2025-09-24 14:33:39,603966.SH,S,10.990,100
353,44,2025-09-24,2025-09-24 14:33:19,002378.SZ,B,11.970,500
354,44,2025-09-24,2025-09-24 14:33:17,002010.SZ,S,6.370,200
355,44,2025-09-24,2025-09-24 14:33:17,002010.SZ,S,6.370,100
356,44,2025-09-24,2025-09-24 14:33:17,002010.SZ,S,6.370,200
357,44,2025-09-24,2025-09-24 14:33:16,002399.SZ,S,12.170,100
358,44,2025-09-24,2025-09-24 14:33:14,300081.SZ,S,5.140,100
359,44,2025-09-24,2025-09-24 14:33:13,002126.SZ,S,41.620,100
360,58,2025-09-24,2025-09-24 14:33:02,600481.SH,B,5.840,700
361,44,2025-09-24,2025-09-24 14:33:01,603197.SH,B,43.840,100
362,52,2025-09-24,2025-09-24 14:32:58,603633.SH,B,12.990,100
363,44,2025-09-24,2025-09-24 14:32:55,002436.SZ,B,22.840,100
364,44,2025-09-24,2025-09-24 14:32:54,002436.SZ,B,22.840,200
365,44,2025-09-24,2025-09-24 14:32:53,002436.SZ,B,22.840,300
366,61,2025-09-24,2025-09-24 14:32:51,600967.SH,B,18.820,400
367,61,2025-09-24,2025-09-24 14:32:51,600967.SH,B,18.820,200
368,58,2025-09-24,2025-09-24 14:32:47,600967.SH,B,18.810,500
369,44,2025-09-24,2025-09-24 14:32:46,600834.SH,B,8.620,300
370,44,2025-09-24,2025-09-24 14:32:46,603303.SH,B,13.390,100
371,44,2025-09-24,2025-09-24 14:32:44,601018.SH,B,3.720,1400
372,52,2025-09-24,2025-09-24 14:32:44,601515.SH,S,4.570,100
373,52,2025-09-24,2025-09-24 14:32:39,600967.SH,B,18.810,100
374,59,2025-09-24,2025-09-24 14:32:35,600481.SH,B,5.840,600
375,60,2025-09-24,2025-09-24 14:30:53,600031.SH,S,22.180,500
376,44,2025-09-24,2025-09-24 14:32:21,688389.SH,B,13.880,58
377,44,2025-09-24,2025-09-24 14:32:15,002287.SZ,B,26.490,54
378,44,2025-09-24,2025-09-24 14:32:15,002287.SZ,B,26.490,46
379,59,2025-09-24,2025-09-24 14:32:12,300565.SZ,B,13.320,600
380,44,2025-09-24,2025-09-24 14:32:09,603160.SH,B,82.600,100
381,59,2025-09-24,2025-09-24 14:32:02,002100.SZ,S,7.680,400
382,44,2025-09-24,2025-09-24 14:32:00,688629.SH,B,102.850,200
383,44,2025-09-24,2025-09-24 14:32:00,600166.SH,S,2.730,1400
384,44,2025-09-24,2025-09-24 14:31:51,688190.SH,S,111.820,105
385,44,2025-09-24,2025-09-24 14:31:45,300180.SZ,B,7.410,100
386,44,2025-09-24,2025-09-24 14:31:45,300180.SZ,B,7.410,100
387,44,2025-09-24,2025-09-24 14:31:45,300180.SZ,B,7.410,100
388,44,2025-09-24,2025-09-24 14:31:45,300180.SZ,B,7.410,100
389,44,2025-09-24,2025-09-24 14:31:45,300180.SZ,B,7.410,200
390,44,2025-09-24,2025-09-24 14:31:45,300180.SZ,B,7.410,300
391,44,2025-09-24,2025-09-24 14:31:45,300180.SZ,B,7.410,100
392,44,2025-09-24,2025-09-24 14:31:45,300180.SZ,B,7.410,100
393,44,2025-09-24,2025-09-24 14:31:45,300180.SZ,B,7.410,100
394,44,2025-09-24,2025-09-24 14:31:45,300180.SZ,B,7.410,200
395,44,2025-09-24,2025-09-24 14:31:45,300180.SZ,B,7.410,100
396,44,2025-09-24,2025-09-24 14:31:45,300180.SZ,B,7.410,100
397,44,2025-09-24,2025-09-24 14:31:45,300180.SZ,B,7.410,100
398,44,2025-09-24,2025-09-24 14:31:45,300180.SZ,B,7.410,100
399,44,2025-09-24,2025-09-24 14:31:45,300180.SZ,B,7.410,200
400,44,2025-09-24,2025-09-24 14:31:43,601567.SH,B,24.370,200
401,44,2025-09-24,2025-09-24 14:31:43,601567.SH,B,24.370,400
402,44,2025-09-24,2025-09-24 14:31:43,300657.SZ,S,34.850,200
403,44,2025-09-24,2025-09-24 14:31:43,603219.SH,S,20.510,400
404,44,2025-09-24,2025-09-24 14:31:41,002068.SZ,S,11.700,100
405,44,2025-09-24,2025-09-24 14:31:40,688190.SH,S,111.820,95
406,44,2025-09-24,2025-09-24 14:31:40,002938.SZ,S,59.900,100
407,44,2025-09-24,2025-09-24 14:31:41,600299.SH,S,9.450,100
408,44,2025-09-24,2025-09-24 14:31:40,600105.SH,S,12.130,100
409,44,2025-09-24,2025-09-24 14:31:40,603228.SH,S,70.040,100
410,44,2025-09-24,2025-09-24 14:31:40,300930.SZ,S,30.940,100
411,44,2025-09-24,2025-09-24 14:31:39,603567.SH,S,11.200,100
412,44,2025-09-24,2025-09-24 14:31:38,600730.SH,S,9.860,200
413,44,2025-09-24,2025-09-24 14:31:35,000401.SZ,S,4.870,300
414,44,2025-09-24,2025-09-24 14:31:35,002463.SZ,S,74.500,200
415,44,2025-09-24,2025-09-24 14:31:28,603790.SH,B,23.560,100
416,44,2025-09-24,2025-09-24 14:31:25,000010.SZ,B,4.370,100
417,44,2025-09-24,2025-09-24 14:31:25,000010.SZ,B,4.370,100
418,52,2025-09-24,2025-09-24 14:31:21,003036.SZ,S,17.670,200
419,44,2025-09-24,2025-09-24 14:31:23,603676.SH,B,11.810,100
420,44,2025-09-24,2025-09-24 14:31:23,603676.SH,B,11.810,100
421,59,2025-09-24,2025-09-24 14:31:22,600990.SH,S,29.190,100
422,52,2025-09-24,2025-09-24 14:31:21,600928.SH,S,3.990,100
423,58,2025-09-24,2025-09-24 14:31:19,003036.SZ,S,17.660,700
424,59,2025-09-24,2025-09-24 14:31:13,300252.SZ,S,15.100,100
425,59,2025-09-24,2025-09-24 14:31:13,002140.SZ,S,10.910,400
426,61,2025-09-24,2025-09-24 14:31:13,300252.SZ,S,15.100,400
427,44,2025-09-24,2025-09-24 14:31:13,600052.SH,B,5.290,100
428,44,2025-09-24,2025-09-24 14:31:13,600052.SH,B,5.290,400
429,44,2025-09-24,2025-09-24 14:31:13,600052.SH,B,5.290,200
430,44,2025-09-24,2025-09-24 14:31:13,600052.SH,B,5.290,400
431,44,2025-09-24,2025-09-24 14:31:10,002544.SZ,S,28.850,200
432,44,2025-09-24,2025-09-24 14:30:52,300190.SZ,B,4.690,200
433,44,2025-09-24,2025-09-24 14:30:52,600267.SH,S,10.390,100
434,44,2025-09-24,2025-09-24 14:30:46,000761.SZ,S,3.480,100
435,44,2025-09-24,2025-09-24 14:30:43,300158.SZ,B,7.040,100
436,44,2025-09-24,2025-09-24 14:30:43,300158.SZ,B,7.040,100
437,44,2025-09-24,2025-09-24 14:30:43,300158.SZ,B,7.040,100
438,44,2025-09-24,2025-09-24 14:30:43,300158.SZ,B,7.040,100
439,44,2025-09-24,2025-09-24 14:30:43,300158.SZ,B,7.040,100
440,44,2025-09-24,2025-09-24 14:30:43,300158.SZ,B,7.040,100
441,44,2025-09-24,2025-09-24 14:30:43,300158.SZ,B,7.040,100
442,44,2025-09-24,2025-09-24 14:30:43,300158.SZ,B,7.040,100
443,44,2025-09-24,2025-09-24 14:30:43,300158.SZ,B,7.040,100
444,44,2025-09-24,2025-09-24 14:30:43,300158.SZ,B,7.040,100
445,44,2025-09-24,2025-09-24 14:30:43,300654.SZ,B,9.950,100
446,44,2025-09-24,2025-09-24 14:30:43,300158.SZ,B,7.040,100
447,44,2025-09-24,2025-09-24 14:30:43,300158.SZ,B,7.040,100
448,44,2025-09-24,2025-09-24 14:30:39,600268.SH,S,9.870,200
449,44,2025-09-24,2025-09-24 14:30:38,002387.SZ,B,9.650,200
450,44,2025-09-24,2025-09-24 14:30:37,002434.SZ,S,10.180,700
451,44,2025-09-24,2025-09-24 14:30:34,300218.SZ,S,19.050,100
452,44,2025-09-24,2025-09-24 14:30:28,301058.SZ,B,10.970,100
453,44,2025-09-24,2025-09-24 14:30:28,301058.SZ,B,10.970,100
454,44,2025-09-24,2025-09-24 14:30:28,301058.SZ,B,10.970,100
455,44,2025-09-24,2025-09-24 14:30:28,301058.SZ,B,10.970,100
456,44,2025-09-24,2025-09-24 14:30:28,300365.SZ,S,6.270,400
457,44,2025-09-24,2025-09-24 14:30:28,301058.SZ,B,10.970,100
458,44,2025-09-24,2025-09-24 14:30:28,300365.SZ,S,6.270,200
459,44,2025-09-24,2025-09-24 14:30:28,301058.SZ,B,10.970,100
460,44,2025-09-24,2025-09-24 14:30:26,300400.SZ,S,26.090,100
461,44,2025-09-24,2025-09-24 14:30:25,300400.SZ,S,26.090,100
462,44,2025-09-24,2025-09-24 14:30:25,300098.SZ,B,5.900,200
463,44,2025-09-24,2025-09-24 14:30:25,002198.SZ,B,6.230,200
464,44,2025-09-24,2025-09-24 14:30:25,002198.SZ,B,6.230,200
465,44,2025-09-24,2025-09-24 14:30:19,002110.SZ,S,4.060,200
466,44,2025-09-24,2025-09-24 14:30:19,002110.SZ,S,4.060,300
467,44,2025-09-24,2025-09-24 14:30:19,301208.SZ,B,42.420,100
468,44,2025-09-24,2025-09-24 14:30:12,300737.SZ,S,5.170,400
469,44,2025-09-24,2025-09-24 14:30:03,002179.SZ,S,41.290,100
470,44,2025-09-24,2025-09-24 14:30:03,000782.SZ,B,5.960,100
471,44,2025-09-24,2025-09-24 14:30:02,002807.SZ,B,4.560,400
472,44,2025-09-24,2025-09-24 14:30:01,300811.SZ,S,74.600,100
473,44,2025-09-24,2025-09-24 14:30:02,603758.SH,S,16.040,200
474,44,2025-09-24,2025-09-24 14:30:00,300609.SZ,B,40.050,100
475,44,2025-09-24,2025-09-24 14:29:58,002120.SZ,B,7.560,700
476,44,2025-09-24,2025-09-24 14:29:57,600498.SH,S,28.650,100
477,44,2025-09-24,2025-09-24 14:29:55,300708.SZ,B,8.970,300
478,44,2025-09-24,2025-09-24 14:29:55,000036.SZ,S,5.020,400
479,44,2025-09-24,2025-09-24 14:29:54,300257.SZ,S,15.540,200
480,44,2025-09-24,2025-09-24 14:29:51,300138.SZ,B,12.760,200
481,44,2025-09-24,2025-09-24 14:29:51,600710.SH,S,9.830,200
482,44,2025-09-24,2025-09-24 14:29:50,000676.SZ,S,9.900,100
483,44,2025-09-24,2025-09-24 14:29:35,600295.SH,B,9.920,100
484,44,2025-09-24,2025-09-24 14:29:32,603053.SH,B,10.600,200
485,44,2025-09-24,2025-09-24 14:29:29,002550.SZ,S,9.320,100
486,44,2025-09-24,2025-09-24 14:29:29,002550.SZ,S,9.320,200
487,44,2025-09-24,2025-09-24 14:29:20,603056.SH,B,16.220,100
488,44,2025-09-24,2025-09-24 14:29:18,600507.SH,B,5.250,100
489,44,2025-09-24,2025-09-24 14:29:16,603072.SH,B,47.360,100
490,44,2025-09-24,2025-09-24 14:29:15,000058.SZ,B,9.340,200
491,44,2025-09-24,2025-09-24 14:29:14,300797.SZ,B,16.940,100
492,44,2025-09-24,2025-09-24 14:29:11,300873.SZ,B,26.280,100
493,44,2025-09-24,2025-09-24 14:29:10,300499.SZ,B,31.700,100
494,44,2025-09-24,2025-09-24 14:29:09,300629.SZ,B,19.890,100
495,44,2025-09-24,2025-09-24 14:28:59,300031.SZ,S,25.680,300
496,44,2025-09-24,2025-09-24 14:28:46,601601.SH,S,34.920,100
497,44,2025-09-24,2025-09-24 14:28:43,300113.SZ,B,24.700,200
498,44,2025-09-24,2025-09-24 14:28:43,603299.SH,S,10.630,100
499,44,2025-09-24,2025-09-24 14:28:39,000725.SZ,B,4.190,200
500,44,2025-09-24,2025-09-24 14:28:39,002128.SZ,S,22.570,100
501,44,2025-09-24,2025-09-24 14:28:39,300217.SZ,B,5.850,100
502,44,2025-09-24,2025-09-24 14:28:38,002937.SZ,B,18.910,400
503,44,2025-09-24,2025-09-24 14:28:36,300821.SZ,B,9.310,100
504,44,2025-09-24,2025-09-24 14:28:37,601231.SH,B,20.150,100
505,44,2025-09-24,2025-09-24 14:28:36,300821.SZ,B,9.310,100
506,44,2025-09-24,2025-09-24 14:28:36,300821.SZ,B,9.310,100
507,44,2025-09-24,2025-09-24 14:28:31,301030.SZ,B,14.850,100
508,52,2025-09-24,2025-09-24 14:28:30,002506.SZ,B,2.550,100
509,44,2025-09-24,2025-09-24 14:28:30,000926.SZ,S,2.670,1000
510,44,2025-09-24,2025-09-24 14:28:23,603611.SH,B,24.630,100
511,44,2025-09-24,2025-09-24 14:28:22,003009.SZ,B,48.400,100
512,52,2025-09-24,2025-09-24 14:28:20,000657.SZ,B,17.490,100
513,44,2025-09-24,2025-09-24 14:28:16,002093.SZ,B,11.420,200
514,44,2025-09-24,2025-09-24 14:28:15,300586.SZ,B,11.130,300
515,52,2025-09-24,2025-09-24 14:28:14,002146.SZ,S,1.650,500
516,58,2025-09-24,2025-09-24 14:28:13,002146.SZ,S,1.650,2000
517,44,2025-09-24,2025-09-24 14:28:09,002093.SZ,B,11.420,300
518,52,2025-09-24,2025-09-24 14:28:07,002516.SZ,S,6.360,200
519,52,2025-09-24,2025-09-24 14:28:07,002303.SZ,B,4.570,100
520,58,2025-09-24,2025-09-24 14:28:06,601975.SH,B,3.110,300
521,52,2025-09-24,2025-09-24 14:28:06,600733.SH,B,7.900,100
522,44,2025-09-24,2025-09-24 14:28:04,603616.SH,S,5.320,100
523,44,2025-09-24,2025-09-24 14:28:04,600728.SH,S,7.190,400
524,44,2025-09-24,2025-09-24 14:28:04,000997.SZ,S,27.240,200
525,44,2025-09-24,2025-09-24 14:28:04,688700.SH,S,41.400,200
526,44,2025-09-24,2025-09-24 14:28:02,600621.SH,S,15.920,200
527,44,2025-09-24,2025-09-24 14:28:03,301024.SZ,S,40.810,100
528,44,2025-09-24,2025-09-24 14:28:03,600188.SH,S,13.620,100
529,44,2025-09-24,2025-09-24 14:28:02,300858.SZ,B,17.830,100
530,58,2025-09-24,2025-09-24 14:28:01,000069.SZ,S,2.560,100
531,52,2025-09-24,2025-09-24 14:27:59,300185.SZ,S,3.060,100
532,44,2025-09-24,2025-09-24 14:27:58,000655.SZ,S,8.510,100
533,44,2025-09-24,2025-09-24 14:27:58,600216.SH,S,14.330,200
534,52,2025-09-24,2025-09-24 14:16:20,600653.SH,S,2.100,200
535,44,2025-09-24,2025-09-24 14:27:57,300547.SZ,B,42.690,100
536,52,2025-09-24,2025-09-24 14:27:55,002772.SZ,B,9.380,100
537,44,2025-09-24,2025-09-24 14:27:54,600333.SH,B,5.860,400
538,44,2025-09-24,2025-09-24 14:27:54,300776.SZ,S,73.370,100
539,61,2025-09-24,2025-09-24 14:27:53,601328.SH,B,6.900,4200
540,44,2025-09-24,2025-09-24 14:27:50,603685.SH,B,18.120,100
541,52,2025-09-24,2025-09-24 14:27:50,000725.SZ,B,4.190,100
542,61,2025-09-24,2025-09-24 14:27:50,002803.SZ,S,18.890,100
543,44,2025-09-24,2025-09-24 14:27:49,000061.SZ,B,8.450,100
544,44,2025-09-24,2025-09-24 14:27:49,000061.SZ,B,8.450,100
545,44,2025-09-24,2025-09-24 14:27:49,000061.SZ,B,8.450,100
546,44,2025-09-24,2025-09-24 14:27:49,000061.SZ,B,8.450,100
547,44,2025-09-24,2025-09-24 14:27:49,603773.SH,S,33.570,200
548,44,2025-09-24,2025-09-24 14:27:49,600776.SH,B,13.290,100
549,59,2025-09-24,2025-09-24 14:27:47,300009.SZ,B,10.190,100
550,59,2025-09-24,2025-09-24 14:27:47,300009.SZ,B,10.190,100
551,59,2025-09-24,2025-09-24 14:27:47,300009.SZ,B,10.190,100
552,59,2025-09-24,2025-09-24 14:27:47,300009.SZ,B,10.190,100
553,59,2025-09-24,2025-09-24 14:27:47,300009.SZ,B,10.190,100
554,59,2025-09-24,2025-09-24 14:27:47,300009.SZ,B,10.190,100
555,59,2025-09-24,2025-09-24 14:27:47,300009.SZ,B,10.190,100
556,59,2025-09-24,2025-09-24 14:27:47,300009.SZ,B,10.190,100
557,59,2025-09-24,2025-09-24 14:27:47,300009.SZ,B,10.190,100
558,59,2025-09-24,2025-09-24 14:27:47,300009.SZ,B,10.190,100
559,59,2025-09-24,2025-09-24 14:27:47,300009.SZ,B,10.190,100
560,59,2025-09-24,2025-09-24 14:27:47,300009.SZ,B,10.190,100
561,61,2025-09-24,2025-09-24 14:27:48,000659.SZ,B,2.840,200
562,44,2025-09-24,2025-09-24 14:27:47,002475.SZ,B,67.290,100
563,44,2025-09-24,2025-09-24 14:27:46,300002.SZ,B,15.340,200
564,44,2025-09-24,2025-09-24 14:27:46,002475.SZ,B,67.290,100
565,52,2025-09-24,2025-09-24 14:27:46,002948.SZ,B,4.830,200
566,59,2025-09-24,2025-09-24 14:27:45,002145.SZ,S,5.740,1900
567,61,2025-09-24,2025-09-24 14:27:46,002506.SZ,B,2.550,200
568,52,2025-09-24,2025-09-24 14:27:45,002394.SZ,S,10.850,200
569,61,2025-09-24,2025-09-24 14:27:45,002145.SZ,S,5.740,4600
570,44,2025-09-24,2025-09-24 14:27:41,603418.SH,S,72.160,100
571,44,2025-09-24,2025-09-24 14:27:40,600748.SH,B,4.640,100
572,44,2025-09-24,2025-09-24 14:27:40,301048.SZ,B,12.010,200
573,44,2025-09-24,2025-09-24 14:27:38,688523.SH,B,22.980,200
574,44,2025-09-24,2025-09-24 14:27:38,600366.SH,B,14.130,100
575,44,2025-09-24,2025-09-24 14:27:37,688639.SH,B,31.950,200
576,44,2025-09-24,2025-09-24 14:27:34,300869.SZ,B,16.500,100
577,44,2025-09-24,2025-09-24 14:27:27,688083.SH,S,72.470,200
578,44,2025-09-24,2025-09-24 14:27:28,301306.SZ,B,53.180,100
579,59,2025-09-24,2025-09-24 14:27:27,002803.SZ,S,18.900,100
580,44,2025-09-24,2025-09-24 14:27:25,300369.SZ,S,7.610,100
581,44,2025-09-24,2025-09-24 14:27:24,600704.SH,S,5.810,400
582,44,2025-09-24,2025-09-24 14:27:22,002250.SZ,B,10.450,200
583,44,2025-09-24,2025-09-24 14:27:22,002250.SZ,B,10.450,100
584,44,2025-09-24,2025-09-24 14:27:22,688321.SH,B,33.090,200
585,44,2025-09-24,2025-09-24 14:27:21,002870.SZ,S,36.390,100
586,44,2025-09-24,2025-09-24 14:27:21,600405.SH,B,6.110,37
587,44,2025-09-24,2025-09-24 14:27:20,002314.SZ,S,2.870,1400
588,44,2025-09-24,2025-09-24 14:27:21,600405.SH,B,6.110,63
589,44,2025-09-24,2025-09-24 14:27:19,300008.SZ,B,6.250,100
590,44,2025-09-24,2025-09-24 14:27:18,000029.SZ,B,28.620,100
591,44,2025-09-24,2025-09-24 14:27:17,002446.SZ,B,8.510,300
592,44,2025-09-24,2025-09-24 14:27:17,002446.SZ,B,8.510,100
593,44,2025-09-24,2025-09-24 14:27:17,300603.SZ,B,12.090,100
594,44,2025-09-24,2025-09-24 14:27:17,002446.SZ,B,8.510,100
595,44,2025-09-24,2025-09-24 14:27:17,002446.SZ,B,8.510,200
596,44,2025-09-24,2025-09-24 14:27:17,301120.SZ,B,13.900,100
597,44,2025-09-24,2025-09-24 14:27:17,002446.SZ,B,8.510,100
598,44,2025-09-24,2025-09-24 14:27:16,300224.SZ,B,16.180,200
599,44,2025-09-24,2025-09-24 14:27:16,300224.SZ,B,16.180,200
600,44,2025-09-24,2025-09-24 14:27:16,300224.SZ,B,16.180,500
601,44,2025-09-24,2025-09-24 14:27:16,300224.SZ,B,16.180,100
602,44,2025-09-24,2025-09-24 14:27:16,002688.SZ,B,6.710,100
603,44,2025-09-24,2025-09-24 14:27:16,002724.SZ,B,7.490,100
604,44,2025-09-24,2025-09-24 14:27:16,301511.SZ,B,36.250,100
605,44,2025-09-24,2025-09-24 14:27:17,603948.SH,B,24.860,100
606,44,2025-09-24,2025-09-24 14:27:16,600100.SH,B,8.090,700
607,44,2025-09-24,2025-09-24 14:27:15,002860.SZ,B,13.550,100
608,44,2025-09-24,2025-09-24 14:27:15,300095.SZ,B,9.440,100
609,44,2025-09-24,2025-09-24 14:27:15,300001.SZ,B,28.370,400
610,44,2025-09-24,2025-09-24 14:27:14,300951.SZ,B,40.900,100
611,44,2025-09-24,2025-09-24 14:27:14,301217.SZ,B,33.350,100
612,44,2025-09-24,2025-09-24 14:27:14,600703.SH,B,15.550,300
613,44,2025-09-24,2025-09-24 14:27:14,603516.SH,B,157.430,100
614,44,2025-09-24,2025-09-24 14:27:11,002405.SZ,B,9.320,400
615,44,2025-09-24,2025-09-24 14:27:11,600866.SH,B,7.420,100
616,44,2025-09-24,2025-09-24 14:27:11,603998.SH,B,11.790,400
617,44,2025-09-24,2025-09-24 14:27:08,600426.SH,B,25.240,100
618,44,2025-09-24,2025-09-24 14:27:08,300855.SZ,B,28.630,200
619,44,2025-09-24,2025-09-24 14:27:08,002064.SZ,B,8.860,100
620,44,2025-09-24,2025-09-24 14:27:07,300291.SZ,B,6.640,300
621,44,2025-09-24,2025-09-24 14:27:07,603613.SH,B,29.490,400
622,44,2025-09-24,2025-09-24 14:27:07,300602.SZ,B,33.900,100
623,44,2025-09-24,2025-09-24 14:27:07,002064.SZ,B,8.860,200
624,44,2025-09-24,2025-09-24 14:27:07,002064.SZ,B,8.860,200
625,44,2025-09-24,2025-09-24 14:27:07,688556.SH,B,10.750,33
626,44,2025-09-24,2025-09-24 14:27:07,000657.SZ,B,17.480,700
627,44,2025-09-24,2025-09-24 14:27:07,688556.SH,B,10.750,367
628,44,2025-09-24,2025-09-24 14:27:06,605183.SH,B,20.300,100
629,44,2025-09-24,2025-09-24 14:27:06,002064.SZ,B,8.860,200
630,44,2025-09-24,2025-09-24 14:27:06,600438.SH,B,21.380,200
631,44,2025-09-24,2025-09-24 14:27:01,301063.SZ,B,25.540,100
632,44,2025-09-24,2025-09-24 14:27:01,301526.SZ,B,6.540,200
633,44,2025-09-24,2025-09-24 14:27:01,688306.SH,B,13.570,243
634,44,2025-09-24,2025-09-24 14:27:01,301526.SZ,B,6.540,100
635,44,2025-09-24,2025-09-24 14:27:02,605196.SH,B,24.610,100
636,44,2025-09-24,2025-09-24 14:27:01,688306.SH,B,13.570,57
637,44,2025-09-24,2025-09-24 14:27:01,301526.SZ,B,6.540,400
638,44,2025-09-24,2025-09-24 14:27:00,002225.SZ,B,5.840,100
639,44,2025-09-24,2025-09-24 14:27:00,301012.SZ,B,24.950,200
640,44,2025-09-24,2025-09-24 14:27:00,600682.SH,B,7.480,100
641,44,2025-09-24,2025-09-24 14:27:01,600497.SH,B,5.910,1200
642,44,2025-09-24,2025-09-24 14:27:01,603633.SH,B,12.920,200
643,44,2025-09-24,2025-09-24 14:27:01,600406.SH,B,22.190,200
644,44,2025-09-24,2025-09-24 14:27:01,603033.SH,S,12.130,200
645,44,2025-09-24,2025-09-24 14:27:00,300762.SZ,B,23.740,100
646,44,2025-09-24,2025-09-24 14:27:00,301172.SZ,B,23.250,200
647,44,2025-09-24,2025-09-24 14:27:00,002401.SZ,B,17.530,300
648,44,2025-09-24,2025-09-24 14:27:00,600510.SH,S,7.820,100
649,44,2025-09-24,2025-09-24 14:27:01,603888.SH,B,19.460,100
650,44,2025-09-24,2025-09-24 14:27:01,605598.SH,B,25.270,200
651,44,2025-09-24,2025-09-24 14:27:00,300491.SZ,B,31.290,300
652,44,2025-09-24,2025-09-24 14:27:00,300762.SZ,B,23.740,100
653,44,2025-09-24,2025-09-24 14:27:00,301039.SZ,B,8.880,500
654,44,2025-09-24,2025-09-24 14:27:00,002987.SZ,B,21.210,600
655,44,2025-09-24,2025-09-24 14:27:00,300916.SZ,B,41.300,100
656,44,2025-09-24,2025-09-24 14:27:00,300877.SZ,B,26.590,100
657,44,2025-09-24,2025-09-24 14:27:00,001359.SZ,B,52.530,100
658,44,2025-09-24,2025-09-24 14:26:59,600050.SH,S,5.470,800
659,44,2025-09-24,2025-09-24 14:26:59,002676.SZ,B,10.140,400
660,44,2025-09-24,2025-09-24 14:26:58,600684.SH,B,5.920,1200
661,44,2025-09-24,2025-09-24 14:26:55,000838.SZ,S,2.630,1200
662,44,2025-09-24,2025-09-24 14:26:56,603989.SH,B,19.150,100
663,61,2025-09-24,2025-09-24 14:26:53,002792.SZ,B,16.370,100
664,44,2025-09-24,2025-09-24 14:26:51,002533.SZ,B,11.670,100
665,61,2025-09-24,2025-09-24 14:26:51,002021.SZ,B,2.750,200
666,61,2025-09-24,2025-09-24 14:26:49,002792.SZ,B,16.370,100
667,44,2025-09-24,2025-09-24 14:26:47,002558.SZ,B,44.700,100
668,61,2025-09-24,2025-09-24 14:26:45,002792.SZ,B,16.370,100
669,58,2025-09-24,2025-09-24 14:26:46,002948.SZ,B,4.830,3100
670,58,2025-09-24,2025-09-24 14:26:46,002948.SZ,B,4.830,200
671,58,2025-09-24,2025-09-24 14:26:46,002948.SZ,B,4.830,100
672,58,2025-09-24,2025-09-24 14:26:46,002948.SZ,B,4.830,500
673,58,2025-09-24,2025-09-24 14:26:46,002948.SZ,B,4.830,100
674,58,2025-09-24,2025-09-24 14:26:46,002948.SZ,B,4.830,100
675,58,2025-09-24,2025-09-24 14:26:46,002948.SZ,B,4.830,800
676,58,2025-09-24,2025-09-24 14:26:46,002948.SZ,B,4.830,300
677,58,2025-09-24,2025-09-24 14:26:46,002948.SZ,B,4.830,300
678,61,2025-09-24,2025-09-24 14:26:45,002792.SZ,B,16.370,700
679,61,2025-09-24,2025-09-24 14:26:45,002792.SZ,B,16.370,100
680,44,2025-09-24,2025-09-24 14:26:41,002546.SZ,S,5.850,300
681,61,2025-09-24,2025-09-24 14:26:39,600549.SH,B,27.950,200
682,58,2025-09-24,2025-09-24 14:26:36,002796.SZ,B,17.740,200
683,44,2025-09-24,2025-09-24 14:26:35,300872.SZ,S,22.900,200
684,44,2025-09-24,2025-09-24 14:26:33,300872.SZ,S,22.900,200
685,44,2025-09-24,2025-09-24 14:26:31,002353.SZ,B,53.290,100
686,58,2025-09-24,2025-09-24 14:26:29,600509.SH,S,8.560,600
687,61,2025-09-24,2025-09-24 14:26:28,000069.SZ,S,2.570,100
688,44,2025-09-24,2025-09-24 14:26:28,300065.SZ,S,19.920,300
689,44,2025-09-24,2025-09-24 14:26:25,688127.SH,S,33.210,200
690,44,2025-09-24,2025-09-24 14:26:22,000969.SZ,S,13.120,600
691,44,2025-09-24,2025-09-24 14:26:20,002271.SZ,S,12.190,100
692,44,2025-09-24,2025-09-24 14:26:19,001309.SZ,B,180.590,100
693,44,2025-09-24,2025-09-24 14:26:18,605118.SH,B,30.220,100
694,44,2025-09-24,2025-09-24 14:26:16,300790.SZ,B,32.830,100
695,44,2025-09-24,2025-09-24 14:26:16,300790.SZ,B,32.830,100
696,58,2025-09-24,2025-09-24 14:26:16,002145.SZ,S,5.750,800
697,44,2025-09-24,2025-09-24 14:26:16,600106.SH,S,6.470,100
698,44,2025-09-24,2025-09-24 14:26:16,600106.SH,S,6.470,100
699,44,2025-09-24,2025-09-24 14:26:15,300272.SZ,S,6.450,200
700,59,2025-09-24,2025-09-24 14:26:14,002792.SZ,B,16.390,1200
701,44,2025-09-24,2025-09-24 14:26:14,300791.SZ,S,23.890,100
702,44,2025-09-24,2025-09-24 14:26:14,301132.SZ,S,36.630,100
703,44,2025-09-24,2025-09-24 14:26:12,002545.SZ,B,13.170,100
704,44,2025-09-24,2025-09-24 14:26:12,002545.SZ,B,13.170,100
705,59,2025-09-24,2025-09-24 14:26:11,601113.SH,S,4.300,300
706,52,2025-09-24,2025-09-24 14:19:55,601515.SH,B,4.560,100
707,44,2025-09-24,2025-09-24 14:26:11,600643.SH,S,5.630,800
708,58,2025-09-24,2025-09-24 14:26:10,600509.SH,S,8.560,400
709,58,2025-09-24,2025-09-24 14:26:09,002677.SZ,S,7.650,300
710,44,2025-09-24,2025-09-24 14:26:09,603878.SH,S,8.080,100
711,58,2025-09-24,2025-09-24 14:26:09,605398.SH,S,31.870,100
712,44,2025-09-24,2025-09-24 14:26:09,603306.SH,S,52.300,100
713,44,2025-09-24,2025-09-24 14:26:08,688110.SH,S,114.100,200
714,58,2025-09-24,2025-09-24 14:26:06,300185.SZ,B,3.070,300
715,59,2025-09-24,2025-09-24 14:26:04,605398.SH,S,31.870,100
716,61,2025-09-24,2025-09-24 14:26:05,603536.SH,S,10.080,800
717,61,2025-09-24,2025-09-24 14:26:04,605398.SH,S,31.870,100
718,61,2025-09-24,2025-09-24 14:26:04,605398.SH,S,31.870,100
719,44,2025-09-24,2025-09-24 14:26:03,600452.SH,S,9.560,700
720,44,2025-09-24,2025-09-24 14:26:03,600452.SH,S,9.560,600
721,44,2025-09-24,2025-09-24 14:26:02,300150.SZ,S,5.500,300
722,44,2025-09-24,2025-09-24 14:26:03,600452.SH,S,9.560,1600
723,44,2025-09-24,2025-09-24 14:26:00,300229.SZ,B,21.180,300
724,44,2025-09-24,2025-09-24 14:25:58,688150.SH,S,25.520,200
725,44,2025-09-24,2025-09-24 14:25:56,600582.SH,S,5.980,1400
726,44,2025-09-24,2025-09-24 14:25:56,603798.SH,B,17.960,100
727,61,2025-09-24,2025-09-24 14:25:52,601975.SH,B,3.110,200
728,44,2025-09-24,2025-09-24 14:25:52,688326.SH,S,122.080,110
729,44,2025-09-24,2025-09-24 14:25:52,688326.SH,S,122.080,90
730,61,2025-09-24,2025-09-24 14:25:52,300468.SZ,S,38.140,100
731,44,2025-09-24,2025-09-24 14:25:51,601975.SH,B,3.110,300
732,44,2025-09-24,2025-09-24 14:25:52,000801.SZ,S,16.900,100
733,44,2025-09-24,2025-09-24 14:25:51,601975.SH,B,3.110,800
734,44,2025-09-24,2025-09-24 14:25:50,300907.SZ,S,37.820,100
735,44,2025-09-24,2025-09-24 14:25:49,300414.SZ,S,12.280,100
736,44,2025-09-24,2025-09-24 14:25:48,688515.SH,S,120.690,132
737,44,2025-09-24,2025-09-24 14:25:46,600184.SH,S,17.940,100
738,52,2025-09-24,2025-09-24 14:25:19,002858.SZ,B,15.190,100
739,61,2025-09-24,2025-09-24 14:25:36,002476.SZ,B,5.800,200
740,44,2025-09-24,2025-09-24 14:25:36,603588.SH,B,6.690,100
741,61,2025-09-24,2025-09-24 14:25:33,300642.SZ,B,23.390,200
742,44,2025-09-24,2025-09-24 14:25:32,600703.SH,B,15.590,200
743,44,2025-09-24,2025-09-24 14:25:29,601156.SH,B,16.010,400
744,59,2025-09-24,2025-09-24 14:25:27,002491.SZ,S,5.560,300
745,44,2025-09-24,2025-09-24 14:25:26,002302.SZ,B,6.580,100
746,44,2025-09-24,2025-09-24 14:25:25,300564.SZ,S,16.220,100
747,44,2025-09-24,2025-09-24 14:25:18,300145.SZ,B,4.810,100
748,52,2025-09-24,2025-09-24 14:25:13,000422.SZ,B,13.180,100
749,58,2025-09-24,2025-09-24 14:25:11,002792.SZ,B,16.400,1100
750,44,2025-09-24,2025-09-24 14:25:10,605198.SH,B,44.510,100
751,44,2025-09-24,2025-09-24 14:25:04,601096.SH,B,4.200,100
752,52,2025-09-24,2025-09-24 14:25:02,600000.SH,B,12.200,200
753,59,2025-09-24,2025-09-24 14:25:00,603536.SH,S,10.090,600
754,52,2025-09-24,2025-09-24 14:25:00,603536.SH,S,10.090,400
755,44,2025-09-24,2025-09-24 14:25:00,300758.SZ,B,13.820,300
756,61,2025-09-24,2025-09-24 14:24:57,301125.SZ,S,20.380,500
757,44,2025-09-24,2025-09-24 14:24:56,301067.SZ,S,35.050,100
758,44,2025-09-24,2025-09-24 14:24:52,002768.SZ,B,47.850,100
759,44,2025-09-24,2025-09-24 14:24:45,600546.SH,S,10.180,300
760,52,2025-09-24,2025-09-24 14:23:25,300575.SZ,B,6.520,100
761,59,2025-09-24,2025-09-24 14:24:39,301015.SZ,S,27.620,200
762,44,2025-09-24,2025-09-24 14:24:35,600323.SH,B,27.700,100
763,61,2025-09-24,2025-09-24 14:24:31,603536.SH,S,10.090,300
764,61,2025-09-24,2025-09-24 14:24:30,600866.SH,S,7.430,100
765,58,2025-09-24,2025-09-24 14:24:25,603536.SH,S,10.100,700
766,58,2025-09-24,2025-09-24 14:24:25,603536.SH,S,10.100,600
767,44,2025-09-24,2025-09-24 14:24:22,000680.SZ,S,10.350,700
768,44,2025-09-24,2025-09-24 14:24:15,603579.SH,B,35.960,200
769,61,2025-09-24,2025-09-24 14:24:13,603536.SH,S,10.090,300
770,44,2025-09-24,2025-09-24 14:24:12,000893.SZ,S,37.670,100
771,58,2025-09-24,2025-09-24 14:24:11,601077.SH,B,6.540,700
772,44,2025-09-24,2025-09-24 14:23:52,301193.SZ,B,18.760,300
773,58,2025-09-24,2025-09-24 14:23:51,002017.SZ,B,23.970,300
774,44,2025-09-24,2025-09-24 14:23:51,002017.SZ,B,23.970,100
775,44,2025-09-24,2025-09-24 14:23:51,300727.SZ,B,39.620,100
776,44,2025-09-24,2025-09-24 14:23:50,300943.SZ,B,16.460,200
777,58,2025-09-24,2025-09-24 14:23:47,600549.SH,B,28.010,300
778,44,2025-09-24,2025-09-24 14:23:46,603733.SH,B,24.100,100
779,44,2025-09-24,2025-09-24 14:23:46,300364.SZ,B,26.590,200
780,44,2025-09-24,2025-09-24 14:23:45,600109.SH,B,9.770,100
781,44,2025-09-24,2025-09-24 14:23:41,300364.SZ,B,26.590,100
782,44,2025-09-24,2025-09-24 14:23:41,301285.SZ,B,50.930,300
783,61,2025-09-24,2025-09-24 14:23:40,002662.SZ,S,4.010,100
784,44,2025-09-24,2025-09-24 14:23:39,300364.SZ,B,26.590,100
785,44,2025-09-24,2025-09-24 14:23:37,000823.SZ,S,14.430,100
786,44,2025-09-24,2025-09-24 14:23:33,002158.SZ,B,26.920,100
787,44,2025-09-24,2025-09-24 14:23:32,600276.SH,B,69.940,100
788,44,2025-09-24,2025-09-24 14:23:29,300824.SZ,B,12.530,100
789,44,2025-09-24,2025-09-24 14:23:24,002961.SZ,B,20.520,100
790,58,2025-09-24,2025-09-24 14:23:23,605398.SH,S,31.870,100
791,44,2025-09-24,2025-09-24 14:23:17,002016.SZ,S,6.080,100
792,44,2025-09-24,2025-09-24 14:23:17,002016.SZ,S,6.080,100
793,44,2025-09-24,2025-09-24 14:23:16,300188.SZ,B,15.390,200
794,61,2025-09-24,2025-09-24 14:23:11,301215.SZ,B,6.820,200
795,44,2025-09-24,2025-09-24 14:23:09,688003.SH,B,58.620,178
796,44,2025-09-24,2025-09-24 14:23:09,002134.SZ,S,20.240,200
797,44,2025-09-24,2025-09-24 14:23:07,300953.SZ,B,170.450,100
798,58,2025-09-24,2025-09-24 14:23:07,600527.SH,B,2.300,300
799,61,2025-09-24,2025-09-24 14:23:06,600509.SH,S,8.570,100
800,61,2025-09-24,2025-09-24 14:23:06,600509.SH,S,8.570,300
801,44,2025-09-24,2025-09-24 14:23:04,002925.SZ,S,21.590,400
802,44,2025-09-24,2025-09-24 14:22:48,300092.SZ,B,19.540,100
803,61,2025-09-24,2025-09-24 14:22:42,002948.SZ,B,4.830,1200
804,61,2025-09-24,2025-09-24 14:22:42,002796.SZ,B,17.740,200
805,44,2025-09-24,2025-09-24 14:22:38,300740.SZ,B,21.650,100
806,44,2025-09-24,2025-09-24 14:22:38,300740.SZ,B,21.650,100
807,52,2025-09-24,2025-09-24 14:22:36,301002.SZ,B,39.180,100
808,58,2025-09-24,2025-09-24 14:22:36,600410.SH,S,19.900,400
809,61,2025-09-24,2025-09-24 14:22:30,002796.SZ,B,17.750,200
810,61,2025-09-24,2025-09-24 14:22:28,002545.SZ,B,13.190,100
811,61,2025-09-24,2025-09-24 14:22:28,002545.SZ,B,13.190,100
812,58,2025-09-24,2025-09-24 14:22:20,301248.SZ,S,30.030,100
813,58,2025-09-24,2025-09-24 14:22:18,301125.SZ,S,20.380,400
814,52,2025-09-24,2025-09-24 14:22:17,301125.SZ,S,20.380,200
815,44,2025-09-24,2025-09-24 14:22:14,002871.SZ,B,17.150,100
816,58,2025-09-24,2025-09-24 14:22:11,603630.SH,S,24.850,100
817,44,2025-09-24,2025-09-24 14:22:08,002284.SZ,S,12.990,200
818,44,2025-09-24,2025-09-24 14:22:04,300505.SZ,S,19.400,100
819,58,2025-09-24,2025-09-24 14:22:04,600000.SH,B,12.210,700
820,61,2025-09-24,2025-09-24 14:22:05,603630.SH,S,24.850,100
821,44,2025-09-24,2025-09-24 14:22:04,000807.SZ,S,19.250,100
822,44,2025-09-24,2025-09-24 14:22:03,300034.SZ,S,15.860,200
823,61,2025-09-24,2025-09-24 14:22:00,002146.SZ,S,1.660,2300
824,59,2025-09-24,2025-09-24 14:22:00,002146.SZ,S,1.660,900
825,44,2025-09-24,2025-09-24 14:21:56,301052.SZ,S,94.000,100
826,44,2025-09-24,2025-09-24 14:21:50,300522.SZ,B,12.930,400
827,44,2025-09-24,2025-09-24 14:21:47,600882.SH,B,24.280,100
828,61,2025-09-24,2025-09-24 14:21:45,002008.SZ,B,42.880,400
829,61,2025-09-24,2025-09-24 14:21:45,002008.SZ,B,42.880,300
830,44,2025-09-24,2025-09-24 14:21:43,000534.SZ,B,15.680,100
831,44,2025-09-24,2025-09-24 14:21:42,002624.SZ,B,19.010,100
832,52,2025-09-24,2025-09-24 14:21:41,600509.SH,S,8.580,100
833,44,2025-09-24,2025-09-24 14:21:40,603193.SH,S,28.990,100
834,44,2025-09-24,2025-09-24 14:21:40,000920.SZ,B,13.110,200
835,44,2025-09-24,2025-09-24 14:21:40,000920.SZ,B,13.110,100
836,52,2025-09-24,2025-09-24 14:21:33,601018.SH,B,3.720,100
837,59,2025-09-24,2025-09-24 14:21:29,002140.SZ,B,10.920,400
838,59,2025-09-24,2025-09-24 14:21:29,002140.SZ,B,10.920,200
839,61,2025-09-24,2025-09-24 14:21:25,002707.SZ,B,7.490,200
840,44,2025-09-24,2025-09-24 14:21:22,601688.SH,B,19.610,300
841,59,2025-09-24,2025-09-24 14:21:19,003036.SZ,S,17.340,200
842,58,2025-09-24,2025-09-24 14:21:18,002394.SZ,S,10.880,600
843,61,2025-09-24,2025-09-24 14:21:19,003036.SZ,S,17.340,100
844,61,2025-09-24,2025-09-24 14:21:19,003036.SZ,S,17.340,300
845,58,2025-09-24,2025-09-24 14:21:14,002153.SZ,B,10.800,300
846,52,2025-09-24,2025-09-24 14:17:07,002153.SZ,B,10.800,100
847,61,2025-09-24,2025-09-24 14:21:14,002796.SZ,B,17.810,300
848,61,2025-09-24,2025-09-24 14:21:13,600549.SH,B,28.020,300
849,52,2025-09-24,2025-09-24 14:21:07,603611.SH,B,24.640,100
850,44,2025-09-24,2025-09-24 14:21:06,688596.SH,S,40.600,174
851,44,2025-09-24,2025-09-24 14:21:06,688596.SH,S,40.600,26
852,44,2025-09-24,2025-09-24 14:21:04,300955.SZ,B,28.450,100
853,61,2025-09-24,2025-09-24 14:21:04,002354.SZ,B,7.070,200
854,44,2025-09-24,2025-09-24 14:21:00,603829.SH,B,21.720,100
855,58,2025-09-24,2025-09-24 14:20:59,603499.SH,S,17.700,100
856,44,2025-09-24,2025-09-24 14:20:54,002940.SZ,B,39.090,100
857,44,2025-09-24,2025-09-24 14:20:50,600063.SH,B,5.640,500
858,52,2025-09-24,2025-09-24 14:16:19,002807.SZ,B,4.560,100
859,44,2025-09-24,2025-09-24 14:20:47,601208.SH,S,21.590,300
860,44,2025-09-24,2025-09-24 14:20:46,603236.SH,S,103.020,100
861,44,2025-09-24,2025-09-24 14:20:47,688029.SH,S,94.340,200
862,58,2025-09-24,2025-09-24 14:20:46,002796.SZ,B,17.820,400
863,61,2025-09-24,2025-09-24 14:20:46,300009.SZ,S,10.190,1000
864,44,2025-09-24,2025-09-24 14:20:44,000600.SZ,S,7.130,900
865,58,2025-09-24,2025-09-24 14:20:44,000422.SZ,S,13.170,100
866,44,2025-09-24,2025-09-24 14:20:43,002953.SZ,S,13.170,200
867,52,2025-09-24,2025-09-24 14:20:43,300043.SZ,S,6.690,100
868,61,2025-09-24,2025-09-24 14:20:43,002392.SZ,S,9.800,100
869,61,2025-09-24,2025-09-24 14:20:43,002392.SZ,S,9.800,100
870,59,2025-09-24,2025-09-24 14:20:40,000657.SZ,S,17.530,200
871,58,2025-09-24,2025-09-24 14:20:40,002145.SZ,S,5.750,1200
872,58,2025-09-24,2025-09-24 14:20:37,600330.SH,S,11.800,394
873,58,2025-09-24,2025-09-24 14:20:37,600330.SH,S,11.800,106
874,44,2025-09-24,2025-09-24 14:20:37,002222.SZ,S,52.440,200
875,44,2025-09-24,2025-09-24 14:20:33,002275.SZ,S,14.710,100
876,44,2025-09-24,2025-09-24 14:20:32,300657.SZ,S,34.900,100
877,59,2025-09-24,2025-09-24 14:20:32,600330.SH,S,11.810,200
878,61,2025-09-24,2025-09-24 14:20:32,600487.SH,S,22.620,100
879,61,2025-09-24,2025-09-24 14:20:32,600487.SH,S,22.620,200
880,44,2025-09-24,2025-09-24 14:20:28,300657.SZ,S,34.910,100
881,59,2025-09-24,2025-09-24 14:20:25,600487.SH,S,22.630,100
882,61,2025-09-24,2025-09-24 14:20:27,600301.SH,S,31.150,100
883,44,2025-09-24,2025-09-24 14:20:25,000877.SZ,S,6.140,400
884,59,2025-09-24,2025-09-24 14:20:23,301125.SZ,S,20.400,300
885,44,2025-09-24,2025-09-24 14:20:23,600867.SH,S,8.330,100
886,61,2025-09-24,2025-09-24 14:20:24,301125.SZ,S,20.400,400
887,44,2025-09-24,2025-09-24 14:20:14,300657.SZ,S,34.910,100
888,61,2025-09-24,2025-09-24 14:20:08,000592.SZ,B,3.390,200
889,44,2025-09-24,2025-09-24 14:20:01,600612.SH,S,51.700,100
890,44,2025-09-24,2025-09-24 14:19:58,601101.SH,S,7.360,300
891,44,2025-09-24,2025-09-24 14:19:58,002698.SZ,B,18.220,200
892,44,2025-09-24,2025-09-24 14:19:58,002698.SZ,B,18.220,200
893,44,2025-09-24,2025-09-24 14:19:53,300624.SZ,B,72.490,100
894,44,2025-09-24,2025-09-24 14:19:54,600769.SH,B,11.150,100
895,44,2025-09-24,2025-09-24 14:19:52,601515.SH,S,4.570,100
896,58,2025-09-24,2025-09-24 14:19:51,000555.SZ,B,13.820,300
897,52,2025-09-24,2025-09-24 14:19:06,000555.SZ,B,13.820,100
898,61,2025-09-24,2025-09-24 14:19:50,002796.SZ,B,17.840,200
899,44,2025-09-24,2025-09-24 14:19:46,002151.SZ,B,29.450,100
900,61,2025-09-24,2025-09-24 14:19:36,000757.SZ,B,5.280,100
901,61,2025-09-24,2025-09-24 14:19:36,000757.SZ,B,5.280,100
902,61,2025-09-24,2025-09-24 14:19:32,300395.SZ,B,80.980,100
903,44,2025-09-24,2025-09-24 14:19:32,688658.SH,B,23.600,200
904,44,2025-09-24,2025-09-24 14:19:31,301200.SZ,B,105.570,100
905,61,2025-09-24,2025-09-24 14:19:32,300395.SZ,B,80.980,100
906,61,2025-09-24,2025-09-24 14:19:29,600330.SH,S,11.810,500
907,44,2025-09-24,2025-09-24 14:19:28,600649.SH,S,4.730,500
908,61,2025-09-24,2025-09-24 14:19:25,600114.SH,S,32.580,100
909,44,2025-09-24,2025-09-24 14:19:09,301308.SZ,S,150.750,100
910,61,2025-09-24,2025-09-24 14:19:01,002126.SZ,S,41.890,100
911,61,2025-09-24,2025-09-24 14:18:51,002796.SZ,B,17.860,100
912,61,2025-09-24,2025-09-24 14:18:50,002796.SZ,B,17.860,100
913,59,2025-09-24,2025-09-24 14:18:46,002796.SZ,B,17.870,300
914,58,2025-09-24,2025-09-24 14:18:46,002796.SZ,B,17.860,500
915,59,2025-09-24,2025-09-24 14:18:45,002100.SZ,B,7.650,600
916,44,2025-09-24,2025-09-24 14:18:41,600633.SH,S,15.350,300
917,44,2025-09-24,2025-09-24 14:18:41,600633.SH,S,15.370,500
918,61,2025-09-24,2025-09-24 14:18:41,600819.SH,B,7.140,200
919,44,2025-09-24,2025-09-24 14:18:41,002558.SZ,B,44.950,100
920,44,2025-09-24,2025-09-24 14:18:40,300304.SZ,B,13.910,500
921,44,2025-09-24,2025-09-24 14:18:38,603380.SH,S,49.790,100
922,44,2025-09-24,2025-09-24 14:18:34,300053.SZ,B,14.080,100
923,44,2025-09-24,2025-09-24 14:18:25,300852.SZ,B,43.370,100
924,58,2025-09-24,2025-09-24 14:18:22,002392.SZ,S,9.820,200
925,52,2025-09-24,2025-09-24 14:18:01,002392.SZ,S,9.820,100
926,61,2025-09-24,2025-09-24 14:18:20,002796.SZ,B,17.880,100
927,52,2025-09-24,2025-09-24 14:18:10,002796.SZ,B,17.880,100
928,44,2025-09-24,2025-09-24 14:18:18,600732.SH,B,15.210,300
929,44,2025-09-24,2025-09-24 14:18:18,601991.SH,S,3.400,500
930,59,2025-09-24,2025-09-24 14:18:18,002622.SZ,S,3.940,300
931,44,2025-09-24,2025-09-24 14:18:12,600178.SH,B,12.930,100
932,44,2025-09-24,2025-09-24 14:18:10,603992.SH,B,30.530,200
933,61,2025-09-24,2025-09-24 14:18:09,002796.SZ,B,17.880,100
934,44,2025-09-24,2025-09-24 14:18:08,002706.SZ,S,12.030,100
935,44,2025-09-24,2025-09-24 14:18:05,603599.SH,S,11.630,100
936,61,2025-09-24,2025-09-24 14:18:01,002394.SZ,S,10.880,200
937,58,2025-09-24,2025-09-24 14:17:59,300009.SZ,S,10.180,700
938,44,2025-09-24,2025-09-24 14:17:56,300494.SZ,B,14.100,200
939,52,2025-09-24,2025-09-24 14:16:19,601872.SH,B,8.910,100
940,52,2025-09-24,2025-09-24 14:17:54,000988.SZ,B,88.900,100
941,44,2025-09-24,2025-09-24 14:17:54,603429.SH,B,13.370,200
942,44,2025-09-24,2025-09-24 14:17:54,603429.SH,B,13.370,100
943,52,2025-09-24,2025-09-24 14:17:48,600487.SH,S,22.680,200
944,52,2025-09-24,2025-09-24 14:17:51,300009.SZ,S,10.180,300
945,59,2025-09-24,2025-09-24 14:17:51,600684.SH,S,5.920,200
946,44,2025-09-24,2025-09-24 14:17:43,002468.SZ,B,18.550,300
947,59,2025-09-24,2025-09-24 14:17:37,002394.SZ,S,10.880,100
948,61,2025-09-24,2025-09-24 14:17:37,002394.SZ,S,10.880,500
949,58,2025-09-24,2025-09-24 14:17:31,301125.SZ,S,20.480,400
950,44,2025-09-24,2025-09-24 14:17:31,001207.SZ,S,22.920,100
951,52,2025-09-24,2025-09-24 14:16:36,002145.SZ,S,5.760,300
952,52,2025-09-24,2025-09-24 14:16:36,002145.SZ,S,5.760,400
953,52,2025-09-24,2025-09-24 14:16:36,002145.SZ,S,5.760,300
954,44,2025-09-24,2025-09-24 14:17:28,002803.SZ,B,18.970,200
955,52,2025-09-24,2025-09-24 14:16:36,002145.SZ,S,5.760,100
956,44,2025-09-24,2025-09-24 14:17:25,002859.SZ,S,32.390,200
957,58,2025-09-24,2025-09-24 14:17:24,002145.SZ,S,5.760,500
958,58,2025-09-24,2025-09-24 14:17:24,002145.SZ,S,5.760,1200
959,44,2025-09-24,2025-09-24 14:17:23,002297.SZ,B,8.260,100
960,52,2025-09-24,2025-09-24 14:17:22,300843.SZ,B,55.320,100
961,58,2025-09-24,2025-09-24 14:17:21,002456.SZ,B,13.780,300
962,52,2025-09-24,2025-09-24 14:17:21,002456.SZ,B,13.780,100
963,44,2025-09-24,2025-09-24 14:17:13,300981.SZ,B,13.410,200
964,44,2025-09-24,2025-09-24 14:17:11,300602.SZ,B,34.000,200
965,58,2025-09-24,2025-09-24 14:17:03,002126.SZ,S,41.890,100
966,44,2025-09-24,2025-09-24 14:16:56,603194.SH,S,46.340,100
967,44,2025-09-24,2025-09-24 14:16:53,601133.SH,B,13.350,100
968,61,2025-09-24,2025-09-24 14:16:54,603181.SH,S,17.940,100
969,44,2025-09-24,2025-09-24 14:16:52,300709.SZ,B,51.930,100
970,44,2025-09-24,2025-09-24 14:16:51,300226.SZ,B,26.000,200
971,52,2025-09-24,2025-09-24 14:16:31,002126.SZ,S,41.890,100
972,58,2025-09-24,2025-09-24 14:16:51,600487.SH,S,22.660,200
973,61,2025-09-24,2025-09-24 14:16:48,301018.SZ,S,74.800,100
974,59,2025-09-24,2025-09-24 14:16:46,002394.SZ,S,10.880,200
975,44,2025-09-24,2025-09-24 14:16:45,605060.SH,B,30.390,100
976,44,2025-09-24,2025-09-24 14:16:41,605333.SH,B,38.160,100
977,44,2025-09-24,2025-09-24 14:16:38,603418.SH,S,72.460,100
978,58,2025-09-24,2025-09-24 14:16:37,003036.SZ,S,17.240,400
979,52,2025-09-24,2025-09-24 14:16:36,003036.SZ,S,17.240,100
980,58,2025-09-24,2025-09-24 14:16:34,603181.SH,S,17.930,100
981,59,2025-09-24,2025-09-24 14:16:30,600000.SH,B,12.200,600
982,61,2025-09-24,2025-09-24 14:16:30,600000.SH,B,12.200,500
983,61,2025-09-24,2025-09-24 14:16:30,002153.SZ,B,10.790,200
984,44,2025-09-24,2025-09-24 14:16:23,688016.SH,S,109.000,200
985,61,2025-09-24,2025-09-24 14:16:24,600509.SH,S,8.610,800
986,52,2025-09-24,2025-09-24 14:16:19,600410.SH,S,19.960,100
987,61,2025-09-24,2025-09-24 14:16:20,002303.SZ,B,4.570,200
988,61,2025-09-24,2025-09-24 14:16:15,600052.SH,B,5.300,200
989,61,2025-09-24,2025-09-24 14:16:14,600410.SH,S,19.970,400
990,61,2025-09-24,2025-09-24 14:16:15,600340.SH,B,2.150,200
991,44,2025-09-24,2025-09-24 14:16:13,603308.SH,B,33.040,100
992,59,2025-09-24,2025-09-24 14:16:13,600410.SH,S,19.970,100
993,61,2025-09-24,2025-09-24 14:16:14,600776.SH,S,13.310,100
994,44,2025-09-24,2025-09-24 14:16:11,300696.SZ,B,26.250,100
995,44,2025-09-24,2025-09-24 14:16:03,600309.SH,B,63.600,100
996,44,2025-09-24,2025-09-24 14:15:54,600751.SH,B,4.740,100
997,44,2025-09-24,2025-09-24 14:15:46,002973.SZ,B,15.000,200
998,44,2025-09-24,2025-09-24 14:15:35,603279.SH,B,15.960,100
999,44,2025-09-24,2025-09-24 14:15:21,688003.SH,B,58.620,22
1000,44,2025-09-24,2025-09-24 14:15:13,300902.SZ,B,22.050,100
1001,44,2025-09-24,2025-09-24 14:15:11,600113.SH,B,53.300,100
1002,44,2025-09-24,2025-09-24 14:15:10,600475.SH,B,15.960,300
1003,44,2025-09-24,2025-09-24 14:15:10,600475.SH,B,15.960,100
1004,44,2025-09-24,2025-09-24 14:15:09,601606.SH,B,44.100,200
1005,44,2025-09-24,2025-09-24 14:15:09,002292.SZ,B,9.200,600
1006,44,2025-09-24,2025-09-24 14:15:04,600990.SH,B,28.220,100
1007,44,2025-09-24,2025-09-24 14:15:02,600446.SH,B,18.100,600
1008,44,2025-09-24,2025-09-24 14:14:59,301091.SZ,B,34.590,100
1009,44,2025-09-24,2025-09-24 14:14:54,605228.SH,S,16.850,200
1010,44,2025-09-24,2025-09-24 14:14:48,600094.SH,B,4.250,200
1011,44,2025-09-24,2025-09-24 14:14:47,600733.SH,B,7.900,500
1012,44,2025-09-24,2025-09-24 14:14:46,002534.SZ,B,15.320,100
1013,44,2025-09-24,2025-09-24 14:14:46,002361.SZ,B,6.340,300
1014,44,2025-09-24,2025-09-24 14:14:42,000682.SZ,B,12.210,100
1015,44,2025-09-24,2025-09-24 14:14:42,000753.SZ,S,7.190,100
1016,44,2025-09-24,2025-09-24 14:14:42,000753.SZ,S,7.190,100
1017,44,2025-09-24,2025-09-24 14:14:42,000753.SZ,S,7.190,200
1018,44,2025-09-24,2025-09-24 14:14:37,300781.SZ,B,40.700,100
1019,44,2025-09-24,2025-09-24 14:14:34,300378.SZ,B,50.120,200
1020,44,2025-09-24,2025-09-24 14:14:23,603081.SH,B,12.850,100
1021,44,2025-09-24,2025-09-24 14:14:22,300351.SZ,S,18.350,100
1022,44,2025-09-24,2025-09-24 14:14:20,600326.SH,B,12.480,300
1023,44,2025-09-24,2025-09-24 14:14:17,603266.SH,S,26.690,100
1024,44,2025-09-24,2025-09-24 14:14:15,603266.SH,S,26.690,200
1025,44,2025-09-24,2025-09-24 14:14:09,300400.SZ,S,26.180,200
1026,44,2025-09-24,2025-09-24 14:14:08,301093.SZ,B,44.390,100
1027,44,2025-09-24,2025-09-24 14:14:02,000970.SZ,B,13.590,600
1028,44,2025-09-24,2025-09-24 14:14:02,300465.SZ,S,25.480,100
1029,44,2025-09-24,2025-09-24 14:13:54,300850.SZ,S,38.370,100
1030,61,2025-09-24,2025-09-24 14:13:48,300009.SZ,B,10.180,600
1031,44,2025-09-24,2025-09-24 14:13:41,002246.SZ,S,20.940,400
1032,44,2025-09-24,2025-09-24 14:13:34,601828.SH,B,2.850,100
1033,44,2025-09-24,2025-09-24 14:13:33,000597.SZ,S,5.410,500
1034,59,2025-09-24,2025-09-24 14:13:31,601975.SH,S,3.110,100
1035,58,2025-09-24,2025-09-24 14:13:30,600653.SH,B,2.100,100
1036,61,2025-09-24,2025-09-24 14:13:30,601975.SH,B,3.120,200
1037,44,2025-09-24,2025-09-24 14:13:25,688372.SH,S,87.660,200
1038,44,2025-09-24,2025-09-24 14:13:25,002706.SZ,S,12.030,700
1039,58,2025-09-24,2025-09-24 14:13:17,300009.SZ,B,10.190,400
1040,61,2025-09-24,2025-09-24 14:13:13,002323.SZ,B,1.720,200
1041,61,2025-09-24,2025-09-24 14:13:13,002239.SZ,S,3.370,100
1042,44,2025-09-24,2025-09-24 14:13:13,600395.SH,S,5.230,400
1043,58,2025-09-24,2025-09-24 14:13:09,000422.SZ,B,13.180,600
1044,58,2025-09-24,2025-09-24 14:13:07,600509.SH,S,8.600,900
1045,52,2025-09-24,2025-09-24 14:13:08,002948.SZ,B,4.830,600
1046,58,2025-09-24,2025-09-24 14:13:06,601975.SH,B,3.120,200
1047,52,2025-09-24,2025-09-24 14:13:07,300009.SZ,B,10.190,700
1048,59,2025-09-24,2025-09-24 14:13:06,600653.SH,S,2.090,200
1049,59,2025-09-24,2025-09-24 14:13:05,002491.SZ,B,5.560,500
1050,44,2025-09-24,2025-09-24 14:13:07,300991.SZ,B,40.810,100
1051,44,2025-09-24,2025-09-24 14:13:07,300991.SZ,B,40.810,100
1052,52,2025-09-24,2025-09-24 14:13:06,601975.SH,B,3.120,100
1053,52,2025-09-24,2025-09-24 14:13:06,600509.SH,S,8.600,400
1054,52,2025-09-24,2025-09-24 14:13:06,600509.SH,S,8.600,100
1055,58,2025-09-24,2025-09-24 14:13:04,000069.SZ,S,2.570,100
1056,58,2025-09-24,2025-09-24 14:13:03,300468.SZ,B,38.010,100
1057,52,2025-09-24,2025-09-24 14:13:04,000069.SZ,S,2.570,100
1058,61,2025-09-24,2025-09-24 14:13:04,000657.SZ,B,17.520,200
1059,61,2025-09-24,2025-09-24 14:13:02,000882.SZ,B,2.050,200
1060,44,2025-09-24,2025-09-24 14:13:01,300289.SZ,B,7.620,600
1061,44,2025-09-24,2025-09-24 14:12:58,600114.SH,S,32.570,200
1062,59,2025-09-24,2025-09-24 14:12:58,002431.SZ,S,2.440,500
1063,58,2025-09-24,2025-09-24 14:12:57,603085.SH,B,11.090,100
1064,44,2025-09-24,2025-09-24 14:12:57,002236.SZ,S,20.290,100
1065,44,2025-09-24,2025-09-24 14:12:58,600570.SH,S,33.360,100
1066,44,2025-09-24,2025-09-24 14:12:57,601865.SH,S,16.950,200
1067,61,2025-09-24,2025-09-24 14:12:58,002431.SZ,S,2.440,100
1068,61,2025-09-24,2025-09-24 14:12:58,002431.SZ,S,2.440,100
1069,61,2025-09-24,2025-09-24 14:12:58,002431.SZ,S,2.440,100
1070,61,2025-09-24,2025-09-24 14:12:58,002431.SZ,S,2.440,300
1071,61,2025-09-24,2025-09-24 14:12:58,002431.SZ,S,2.440,200
1072,61,2025-09-24,2025-09-24 14:12:58,002431.SZ,S,2.440,100
1073,61,2025-09-24,2025-09-24 14:12:58,002431.SZ,S,2.440,100
1074,61,2025-09-24,2025-09-24 14:12:58,002431.SZ,S,2.440,100
1075,61,2025-09-24,2025-09-24 14:12:58,002431.SZ,S,2.440,100
1076,61,2025-09-24,2025-09-24 14:12:58,002431.SZ,S,2.440,200
1077,61,2025-09-24,2025-09-24 14:12:58,002431.SZ,S,2.440,100
1078,61,2025-09-24,2025-09-24 14:12:56,300009.SZ,B,10.190,100
1079,61,2025-09-24,2025-09-24 14:12:56,300009.SZ,B,10.190,700
1080,44,2025-09-24,2025-09-24 14:12:54,002913.SZ,S,42.740,200
1081,44,2025-09-24,2025-09-24 14:12:53,002555.SZ,B,22.380,100
1082,44,2025-09-24,2025-09-24 14:12:51,002548.SZ,B,5.420,1000
1083,61,2025-09-24,2025-09-24 14:12:50,300009.SZ,B,10.180,600
1084,44,2025-09-24,2025-09-24 14:12:50,688091.SH,B,59.440,200
1085,58,2025-09-24,2025-09-24 14:12:45,002323.SZ,B,1.720,100
1086,52,2025-09-24,2025-09-24 14:12:45,002323.SZ,B,1.720,100
1087,44,2025-09-24,2025-09-24 14:12:43,002011.SZ,S,14.640,300
1088,44,2025-09-24,2025-09-24 14:12:40,600549.SH,S,28.070,300
1089,44,2025-09-24,2025-09-24 14:12:40,002046.SZ,B,32.670,100
1090,44,2025-09-24,2025-09-24 14:12:36,300747.SZ,S,26.810,100
1091,44,2025-09-24,2025-09-24 14:12:37,603259.SH,S,105.090,100
1092,44,2025-09-24,2025-09-24 14:12:35,000831.SZ,B,50.000,200
1093,44,2025-09-24,2025-09-24 14:12:36,601126.SH,B,18.300,200
1094,44,2025-09-24,2025-09-24 14:12:32,688037.SH,B,146.150,119
1095,44,2025-09-24,2025-09-24 14:12:33,300806.SZ,S,27.080,100
1096,44,2025-09-24,2025-09-24 14:12:32,688037.SH,B,146.150,81
1097,44,2025-09-24,2025-09-24 14:12:32,300088.SZ,S,7.370,900
1098,44,2025-09-24,2025-09-24 14:12:32,300088.SZ,S,7.370,100
1099,44,2025-09-24,2025-09-24 14:12:32,603680.SH,S,12.480,100
1100,44,2025-09-24,2025-09-24 14:12:27,600562.SH,S,31.190,200
1101,59,2025-09-24,2025-09-24 14:12:25,301015.SZ,B,27.680,200
1102,58,2025-09-24,2025-09-24 14:12:23,600819.SH,B,7.150,100
1103,44,2025-09-24,2025-09-24 14:12:23,000901.SZ,B,16.000,400
1104,59,2025-09-24,2025-09-24 14:12:23,301015.SZ,B,27.680,300
1105,61,2025-09-24,2025-09-24 14:12:24,002176.SZ,B,9.760,100
1106,61,2025-09-24,2025-09-24 14:12:24,002176.SZ,B,9.760,1400
1107,58,2025-09-24,2025-09-24 14:12:22,600527.SH,B,2.300,100
1108,44,2025-09-24,2025-09-24 14:12:20,600731.SH,B,7.060,300
1109,44,2025-09-24,2025-09-24 14:12:21,002373.SZ,B,11.150,100
1110,44,2025-09-24,2025-09-24 14:12:21,600662.SH,S,5.380,400
1111,44,2025-09-24,2025-09-24 14:12:17,600189.SH,B,7.200,100
1112,52,2025-09-24,2025-09-24 14:12:17,601778.SH,B,3.740,100
1113,61,2025-09-24,2025-09-24 14:12:16,002657.SZ,B,32.390,100
1114,44,2025-09-24,2025-09-24 14:12:16,002675.SZ,S,15.300,100
1115,44,2025-09-24,2025-09-24 14:12:16,002675.SZ,S,15.300,100
1116,59,2025-09-24,2025-09-24 14:12:15,002145.SZ,S,5.760,1600
1117,61,2025-09-24,2025-09-24 14:12:14,002145.SZ,S,5.760,3500
1118,61,2025-09-24,2025-09-24 14:12:14,002145.SZ,S,5.760,800
1119,44,2025-09-24,2025-09-24 14:12:07,600868.SH,B,2.700,500
1120,44,2025-09-24,2025-09-24 14:12:05,603100.SH,S,24.280,200
1121,44,2025-09-24,2025-09-24 14:11:58,002583.SZ,B,11.700,200
1122,44,2025-09-24,2025-09-24 14:11:52,601696.SH,B,14.410,300
1123,44,2025-09-24,2025-09-24 14:11:52,601696.SH,B,14.410,400
1124,52,2025-09-24,2025-09-24 14:11:52,002008.SZ,B,42.280,100
1125,44,2025-09-24,2025-09-24 14:11:47,603119.SH,B,108.400,100
1126,44,2025-09-24,2025-09-24 14:11:43,000567.SZ,B,6.340,100
1127,44,2025-09-24,2025-09-24 14:11:39,000550.SZ,B,21.530,100
1128,44,2025-09-24,2025-09-24 14:11:39,600684.SH,B,5.920,1700
1129,44,2025-09-24,2025-09-24 14:11:35,603678.SH,S,38.460,100
1130,52,2025-09-24,2025-09-24 14:02:17,300185.SZ,B,3.070,100
1131,44,2025-09-24,2025-09-24 14:11:31,300110.SZ,S,3.240,1200
1132,44,2025-09-24,2025-09-24 14:11:28,300726.SZ,S,39.330,200
1133,44,2025-09-24,2025-09-24 14:11:28,000811.SZ,S,14.070,600
1134,58,2025-09-24,2025-09-24 14:11:28,002431.SZ,S,2.440,1300
1135,52,2025-09-24,2025-09-24 14:10:01,002431.SZ,S,2.440,1000
1136,44,2025-09-24,2025-09-24 14:11:20,603712.SH,B,21.470,200
1137,58,2025-09-24,2025-09-24 14:11:18,000980.SZ,S,3.400,800
1138,58,2025-09-24,2025-09-24 14:11:18,000980.SZ,S,3.400,300
1139,58,2025-09-24,2025-09-24 14:11:16,300727.SZ,B,39.580,100
1140,61,2025-09-24,2025-09-24 14:11:17,300468.SZ,B,37.970,300
1141,61,2025-09-24,2025-09-24 14:11:17,300468.SZ,B,37.970,200
1142,58,2025-09-24,2025-09-24 14:11:15,002657.SZ,B,32.370,200
1143,44,2025-09-24,2025-09-24 14:11:16,601606.SH,B,44.090,100
1144,44,2025-09-24,2025-09-24 14:11:15,000008.SZ,B,2.840,100
1145,44,2025-09-24,2025-09-24 14:11:14,603712.SH,B,21.470,100
1146,58,2025-09-24,2025-09-24 14:11:07,002145.SZ,S,5.760,800
1147,44,2025-09-24,2025-09-24 14:11:06,000677.SZ,B,5.000,200
1148,44,2025-09-24,2025-09-24 14:11:02,000677.SZ,B,5.000,600
1149,61,2025-09-24,2025-09-24 14:11:01,301015.SZ,B,27.680,200
1150,58,2025-09-24,2025-09-24 14:10:58,000757.SZ,B,5.280,100
1151,44,2025-09-24,2025-09-24 14:10:57,300168.SZ,B,6.990,100
1152,44,2025-09-24,2025-09-24 14:10:55,300398.SZ,S,26.770,100
1153,44,2025-09-24,2025-09-24 14:10:55,300398.SZ,S,26.770,100
1154,44,2025-09-24,2025-09-24 14:10:55,300398.SZ,S,26.770,100
1155,44,2025-09-24,2025-09-24 14:10:55,300398.SZ,S,26.770,300
1156,44,2025-09-24,2025-09-24 14:10:55,300398.SZ,S,26.770,100
1157,44,2025-09-24,2025-09-24 14:10:55,300398.SZ,S,26.770,100
1158,44,2025-09-24,2025-09-24 14:10:52,605289.SH,S,64.550,100
1159,44,2025-09-24,2025-09-24 14:10:50,600266.SH,S,4.980,900
1160,44,2025-09-24,2025-09-24 14:10:49,301181.SZ,B,30.990,100
1161,44,2025-09-24,2025-09-24 14:10:41,688019.SH,B,218.420,14
1162,58,2025-09-24,2025-09-24 14:10:38,002008.SZ,B,42.210,200
1163,58,2025-09-24,2025-09-24 14:10:38,002008.SZ,B,42.200,200
1164,58,2025-09-24,2025-09-24 14:10:37,002317.SZ,B,17.730,100
1165,44,2025-09-24,2025-09-24 14:10:37,601333.SH,B,3.370,100
1166,44,2025-09-24,2025-09-24 14:10:36,603161.SH,S,13.370,200
1167,44,2025-09-24,2025-09-24 14:10:35,601003.SH,S,5.200,1000
1168,44,2025-09-24,2025-09-24 14:10:35,688019.SH,B,218.420,186
1169,61,2025-09-24,2025-09-24 14:10:34,600509.SH,S,8.570,1500
1170,44,2025-09-24,2025-09-24 14:10:29,000758.SZ,S,6.240,200
1171,44,2025-09-24,2025-09-24 14:10:27,301096.SZ,S,63.870,200
1172,44,2025-09-24,2025-09-24 14:10:25,601002.SH,S,5.270,200
1173,44,2025-09-24,2025-09-24 14:10:25,601002.SH,S,5.270,200
1174,44,2025-09-24,2025-09-24 14:10:25,002299.SZ,S,17.440,100
1175,58,2025-09-24,2025-09-24 14:10:22,603101.SH,B,10.720,100
1176,44,2025-09-24,2025-09-24 14:10:21,603005.SH,S,33.030,100
1177,58,2025-09-24,2025-09-24 14:10:22,000592.SZ,B,3.370,100
1178,52,2025-09-24,2025-09-24 14:08:37,603101.SH,B,10.720,100
1179,44,2025-09-24,2025-09-24 14:10:19,301007.SZ,S,48.690,200
1180,44,2025-09-24,2025-09-24 14:10:19,002645.SZ,S,14.700,100
1181,44,2025-09-24,2025-09-24 14:10:18,002734.SZ,S,17.750,200
1182,44,2025-09-24,2025-09-24 14:10:17,300782.SZ,S,82.000,200
1183,44,2025-09-24,2025-09-24 14:10:18,002929.SZ,S,50.910,100
1184,44,2025-09-24,2025-09-24 14:10:16,603031.SH,S,45.130,100
1185,44,2025-09-24,2025-09-24 14:10:16,300705.SZ,S,17.210,200
1186,44,2025-09-24,2025-09-24 14:10:15,300819.SZ,S,24.120,100
1187,44,2025-09-24,2025-09-24 14:10:11,300182.SZ,S,5.690,300
1188,44,2025-09-24,2025-09-24 14:10:06,002402.SZ,S,56.590,100
1189,58,2025-09-24,2025-09-24 14:10:07,002145.SZ,S,5.750,1300
1190,44,2025-09-24,2025-09-24 14:10:06,600522.SH,S,18.220,100
1191,44,2025-09-24,2025-09-24 14:10:06,600522.SH,S,18.220,100
1192,44,2025-09-24,2025-09-24 14:10:04,603738.SH,S,16.000,100
1193,44,2025-09-24,2025-09-24 14:10:03,300657.SZ,S,34.890,100
1194,44,2025-09-24,2025-09-24 14:10:03,300913.SZ,S,61.130,100
1195,44,2025-09-24,2025-09-24 14:10:02,603489.SH,S,26.530,100
1196,58,2025-09-24,2025-09-24 14:10:02,600509.SH,S,8.580,2400
1197,44,2025-09-24,2025-09-24 14:10:02,300251.SZ,S,20.040,300
1198,52,2025-09-24,2025-09-24 14:10:03,601515.SH,S,4.550,100
1199,61,2025-09-24,2025-09-24 14:10:02,002774.SZ,S,10.230,100
1200,52,2025-09-24,2025-09-24 14:10:02,600509.SH,S,8.580,600
1201,44,2025-09-24,2025-09-24 14:10:01,688584.SH,S,26.510,200
1202,44,2025-09-24,2025-09-24 14:10:01,001203.SZ,S,11.570,100
1203,44,2025-09-24,2025-09-24 14:10:00,000783.SZ,S,7.950,100
1204,44,2025-09-24,2025-09-24 14:10:00,000783.SZ,S,7.950,200
1205,59,2025-09-24,2025-09-24 14:10:01,000069.SZ,S,2.570,300
1206,44,2025-09-24,2025-09-24 14:09:59,601677.SH,S,13.540,100
1207,44,2025-09-24,2025-09-24 14:09:59,300657.SZ,S,34.890,200
1208,52,2025-09-24,2025-09-24 14:07:51,002842.SZ,B,10.190,100
1209,44,2025-09-24,2025-09-24 14:09:58,301155.SZ,S,89.430,100
1210,44,2025-09-24,2025-09-24 14:09:57,002107.SZ,S,6.300,200
1211,52,2025-09-24,2025-09-24 14:09:56,600509.SH,S,8.580,400
1212,44,2025-09-24,2025-09-24 14:09:53,600590.SH,S,9.700,200
1213,44,2025-09-24,2025-09-24 14:09:54,002269.SZ,B,2.450,3300
1214,44,2025-09-24,2025-09-24 14:09:49,002428.SZ,B,28.500,100
1215,44,2025-09-24,2025-09-24 14:09:48,300345.SZ,S,6.600,200
1216,61,2025-09-24,2025-09-24 14:09:48,000069.SZ,S,2.570,100
1217,52,2025-09-24,2025-09-24 14:09:19,002186.SZ,B,11.530,100
1218,52,2025-09-24,2025-09-24 14:09:43,002357.SZ,B,10.210,100
1219,44,2025-09-24,2025-09-24 14:09:37,603983.SH,S,40.770,100
1220,52,2025-09-24,2025-09-24 14:09:37,000008.SZ,S,2.840,100
1221,61,2025-09-24,2025-09-24 14:09:37,002803.SZ,S,18.960,200
1222,44,2025-09-24,2025-09-24 14:09:37,000552.SZ,B,2.530,1200
1223,59,2025-09-24,2025-09-24 14:09:35,002774.SZ,S,10.230,100
1224,59,2025-09-24,2025-09-24 14:09:36,601113.SH,B,4.310,500
1225,59,2025-09-24,2025-09-24 14:09:36,688360.SH,S,24.740,200
1226,59,2025-09-24,2025-09-24 14:09:34,600503.SH,S,3.360,200
1227,61,2025-09-24,2025-09-24 14:09:36,688360.SH,S,24.740,281
1228,58,2025-09-24,2025-09-24 14:09:34,600509.SH,S,8.580,500
1229,61,2025-09-24,2025-09-24 14:09:35,002774.SZ,S,10.230,300
1230,44,2025-09-24,2025-09-24 14:09:35,002222.SZ,S,52.460,300
1231,44,2025-09-24,2025-09-24 14:09:33,300665.SZ,S,10.150,500
1232,59,2025-09-24,2025-09-24 14:09:34,000980.SZ,S,3.400,100
1233,59,2025-09-24,2025-09-24 14:09:34,000980.SZ,S,3.400,500
1234,59,2025-09-24,2025-09-24 14:09:34,000980.SZ,S,3.400,700
1235,61,2025-09-24,2025-09-24 14:09:34,000980.SZ,S,3.400,2600
1236,61,2025-09-24,2025-09-24 14:09:34,000980.SZ,S,3.400,500
1237,44,2025-09-24,2025-09-24 14:09:33,000932.SZ,S,6.240,300
1238,44,2025-09-24,2025-09-24 14:09:32,688439.SH,S,58.900,200
1239,61,2025-09-24,2025-09-24 14:09:33,600689.SH,S,14.400,300
1240,44,2025-09-24,2025-09-24 14:09:32,600369.SH,B,4.680,100
1241,44,2025-09-24,2025-09-24 14:09:31,000603.SZ,S,23.000,300
1242,61,2025-09-24,2025-09-24 14:09:32,002948.SZ,B,4.830,1300
1243,44,2025-09-24,2025-09-24 14:09:28,300789.SZ,S,30.440,100
1244,58,2025-09-24,2025-09-24 14:09:27,002370.SZ,S,5.760,100
1245,44,2025-09-24,2025-09-24 14:09:24,300770.SZ,S,46.750,100
1246,61,2025-09-24,2025-09-24 14:09:25,688658.SH,S,23.460,295
1247,44,2025-09-24,2025-09-24 14:09:19,301078.SZ,B,10.920,100
1248,59,2025-09-24,2025-09-24 14:09:18,002948.SZ,B,4.830,700
1249,59,2025-09-24,2025-09-24 14:09:17,002948.SZ,B,4.830,200
1250,59,2025-09-24,2025-09-24 14:09:16,002948.SZ,B,4.830,900
1251,61,2025-09-24,2025-09-24 14:09:16,002948.SZ,B,4.830,1400
1252,61,2025-09-24,2025-09-24 14:09:14,000422.SZ,S,13.160,100
1253,44,2025-09-24,2025-09-24 14:09:11,300755.SZ,S,23.380,200
1254,61,2025-09-24,2025-09-24 14:09:11,600689.SH,S,14.400,400
1255,58,2025-09-24,2025-09-24 14:09:10,000980.SZ,S,3.410,1700
1256,52,2025-09-24,2025-09-24 14:08:07,000980.SZ,S,3.410,1000
1257,44,2025-09-24,2025-09-24 14:09:10,603863.SH,B,21.500,100
1258,59,2025-09-24,2025-09-24 14:09:03,603101.SH,S,10.740,100
1259,44,2025-09-24,2025-09-24 14:09:02,605016.SH,S,20.530,100
1260,44,2025-09-24,2025-09-24 14:08:59,002407.SZ,S,16.950,300
1261,44,2025-09-24,2025-09-24 14:08:58,300683.SZ,B,35.680,200
1262,44,2025-09-24,2025-09-24 14:08:56,002943.SZ,B,37.630,100
1263,44,2025-09-24,2025-09-24 14:08:55,002062.SZ,S,11.090,100
1264,44,2025-09-24,2025-09-24 14:08:49,688717.SH,B,77.390,200
1265,44,2025-09-24,2025-09-24 14:08:43,300913.SZ,S,61.280,100
1266,44,2025-09-24,2025-09-24 14:08:38,605111.SH,B,35.890,100
1267,44,2025-09-24,2025-09-24 14:08:38,605111.SH,B,35.890,100
1268,61,2025-09-24,2025-09-24 14:08:38,603101.SH,B,10.730,200
1269,44,2025-09-24,2025-09-24 14:08:36,000935.SZ,B,21.980,300
1270,44,2025-09-24,2025-09-24 14:08:35,600633.SH,S,14.940,800
1271,44,2025-09-24,2025-09-24 14:08:30,002565.SZ,S,7.270,300
1272,44,2025-09-24,2025-09-24 14:08:30,002565.SZ,S,7.270,100
1273,44,2025-09-24,2025-09-24 14:08:30,002565.SZ,S,7.270,100
1274,44,2025-09-24,2025-09-24 14:08:30,002565.SZ,S,7.270,400
1275,58,2025-09-24,2025-09-24 14:08:30,002745.SZ,B,9.480,100
1276,44,2025-09-24,2025-09-24 14:08:30,002565.SZ,S,7.270,100
1277,44,2025-09-24,2025-09-24 14:08:30,002565.SZ,S,7.270,100
1278,44,2025-09-24,2025-09-24 14:08:30,000510.SZ,B,5.190,100
1279,52,2025-09-24,2025-09-24 14:08:29,300043.SZ,B,6.710,100
1280,44,2025-09-24,2025-09-24 14:08:28,601816.SH,B,5.250,200
1281,58,2025-09-24,2025-09-24 14:08:29,002792.SZ,B,16.350,100
1282,44,2025-09-24,2025-09-24 14:08:21,002384.SZ,B,74.680,100
1283,61,2025-09-24,2025-09-24 14:08:20,002448.SZ,S,11.020,400
1284,44,2025-09-24,2025-09-24 14:08:19,300452.SZ,S,13.020,100
1285,44,2025-09-24,2025-09-24 14:08:19,300452.SZ,S,13.020,100
1286,44,2025-09-24,2025-09-24 14:08:18,603418.SH,S,72.890,100
1287,58,2025-09-24,2025-09-24 14:08:16,002177.SZ,S,7.430,100
1288,44,2025-09-24,2025-09-24 14:08:16,603418.SH,S,72.890,100
1289,44,2025-09-24,2025-09-24 14:08:11,688362.SH,S,37.450,200
1290,44,2025-09-24,2025-09-24 14:08:11,600909.SH,S,6.150,100
1291,44,2025-09-24,2025-09-24 14:08:03,300638.SZ,S,30.840,100
1292,52,2025-09-24,2025-09-24 14:07:54,000657.SZ,B,17.510,100
1293,44,2025-09-24,2025-09-24 14:07:55,002303.SZ,B,4.570,500
1294,44,2025-09-24,2025-09-24 14:07:55,002303.SZ,B,4.570,100
1295,61,2025-09-24,2025-09-24 14:07:51,002176.SZ,B,9.740,1400
1296,61,2025-09-24,2025-09-24 14:07:51,002176.SZ,B,9.740,1300
1297,58,2025-09-24,2025-09-24 14:07:49,300009.SZ,B,10.190,600
1298,52,2025-09-24,2025-09-24 14:07:42,002145.SZ,S,5.760,600
1299,44,2025-09-24,2025-09-24 14:07:45,601598.SH,B,7.270,400
1300,61,2025-09-24,2025-09-24 14:07:46,000061.SZ,B,8.460,100
1301,61,2025-09-24,2025-09-24 14:07:46,000061.SZ,B,8.460,100
1302,61,2025-09-24,2025-09-24 14:07:45,000683.SZ,S,6.200,100
1303,61,2025-09-24,2025-09-24 14:07:42,600320.SH,S,4.400,100
1304,44,2025-09-24,2025-09-24 14:07:37,002145.SZ,B,5.760,200
1305,44,2025-09-24,2025-09-24 14:07:29,688403.SH,S,18.280,137
1306,44,2025-09-24,2025-09-24 14:07:28,603786.SH,B,98.150,200
1307,44,2025-09-24,2025-09-24 14:07:28,300994.SZ,S,18.490,100
1308,58,2025-09-24,2025-09-24 14:07:23,002662.SZ,S,4.020,100
1309,44,2025-09-24,2025-09-24 14:07:19,300048.SZ,B,6.390,600
1310,44,2025-09-24,2025-09-24 14:07:16,300772.SZ,B,18.370,100
1311,58,2025-09-24,2025-09-24 14:07:13,002638.SZ,B,2.620,100
1312,58,2025-09-24,2025-09-24 14:07:09,000422.SZ,B,13.150,700
1313,58,2025-09-24,2025-09-24 14:07:09,002774.SZ,S,10.210,300
1314,44,2025-09-24,2025-09-24 14:07:08,601279.SH,B,4.220,200
1315,44,2025-09-24,2025-09-24 14:07:03,300547.SZ,B,42.760,200
1316,44,2025-09-24,2025-09-24 14:07:02,688403.SH,S,18.240,200
1317,44,2025-09-24,2025-09-24 14:06:59,301488.SZ,S,178.620,100
1318,44,2025-09-24,2025-09-24 14:06:59,601083.SH,S,11.680,100
1319,44,2025-09-24,2025-09-24 14:06:55,300884.SZ,S,13.120,200
1320,44,2025-09-24,2025-09-24 14:06:55,688403.SH,S,18.270,200
1321,44,2025-09-24,2025-09-24 14:06:54,300170.SZ,S,18.110,100
1322,44,2025-09-24,2025-09-24 14:06:52,688403.SH,S,18.280,279
1323,44,2025-09-24,2025-09-24 14:06:52,688403.SH,S,18.280,184
1324,44,2025-09-24,2025-09-24 14:06:51,688097.SH,S,38.770,45
1325,44,2025-09-24,2025-09-24 14:06:51,688097.SH,S,38.770,55
1326,58,2025-09-24,2025-09-24 14:06:51,688360.SH,S,24.740,276
1327,44,2025-09-24,2025-09-24 14:06:50,301052.SZ,S,94.340,100
1328,44,2025-09-24,2025-09-24 14:06:50,605319.SH,S,37.030,100
1329,58,2025-09-24,2025-09-24 14:06:49,002055.SZ,S,8.130,600
1330,58,2025-09-24,2025-09-24 14:06:49,002055.SZ,S,8.130,100
1331,58,2025-09-24,2025-09-24 14:06:49,002055.SZ,S,8.130,100
1332,58,2025-09-24,2025-09-24 14:06:49,002055.SZ,S,8.130,100
1333,44,2025-09-24,2025-09-24 14:06:49,688409.SH,S,72.190,200
1334,44,2025-09-24,2025-09-24 14:06:49,300341.SZ,S,18.750,400
1335,44,2025-09-24,2025-09-24 14:06:45,603918.SH,S,18.500,100
1336,44,2025-09-24,2025-09-24 14:06:45,603009.SH,S,58.130,100
1337,44,2025-09-24,2025-09-24 14:06:42,603666.SH,S,33.940,100
1338,61,2025-09-24,2025-09-24 14:06:42,002273.SZ,S,27.240,100
1339,44,2025-09-24,2025-09-24 14:06:40,600857.SH,S,16.900,100
1340,44,2025-09-24,2025-09-24 14:06:40,002126.SZ,S,41.910,100
1341,44,2025-09-24,2025-09-24 14:06:40,300593.SZ,S,18.010,500
1342,44,2025-09-24,2025-09-24 14:06:39,000887.SZ,S,25.250,100
1343,44,2025-09-24,2025-09-24 14:06:39,600577.SH,S,10.160,400
1344,44,2025-09-24,2025-09-24 14:06:37,603236.SH,S,103.150,100
1345,44,2025-09-24,2025-09-24 14:06:37,300223.SZ,S,87.030,100
1346,44,2025-09-24,2025-09-24 14:06:36,603871.SH,S,14.580,300
1347,44,2025-09-24,2025-09-24 14:06:34,300830.SZ,B,11.700,700
1348,44,2025-09-24,2025-09-24 14:06:33,688322.SH,S,90.360,200
1349,52,2025-09-24,2025-09-24 14:06:12,002202.SZ,B,13.340,100
1350,44,2025-09-24,2025-09-24 14:06:31,300236.SZ,S,63.880,100
1351,44,2025-09-24,2025-09-24 14:06:31,600095.SH,S,12.650,500
1352,44,2025-09-24,2025-09-24 14:06:31,301168.SZ,B,45.540,100
1353,44,2025-09-24,2025-09-24 14:06:28,301611.SZ,S,60.250,100
1354,44,2025-09-24,2025-09-24 14:06:28,601727.SH,S,8.980,200
1355,61,2025-09-24,2025-09-24 14:06:21,600509.SH,S,8.600,1300
1356,58,2025-09-24,2025-09-24 14:06:18,300468.SZ,B,37.980,100
1357,58,2025-09-24,2025-09-24 14:06:18,600601.SH,B,10.740,100
1358,58,2025-09-24,2025-09-24 14:06:14,600114.SH,S,32.580,100
1359,52,2025-09-24,2025-09-24 14:05:56,603959.SH,B,6.090,100
1360,61,2025-09-24,2025-09-24 14:06:09,600509.SH,S,8.600,100
1361,61,2025-09-24,2025-09-24 14:06:08,688658.SH,S,23.450,12
1362,61,2025-09-24,2025-09-24 14:06:04,002215.SZ,B,13.080,200
1363,61,2025-09-24,2025-09-24 14:06:01,688658.SH,S,23.450,188
1364,58,2025-09-24,2025-09-24 14:05:48,301018.SZ,B,73.970,100
1365,58,2025-09-24,2025-09-24 14:05:47,300565.SZ,B,13.400,100
1366,61,2025-09-24,2025-09-24 14:05:46,300153.SZ,B,38.590,200
1367,61,2025-09-24,2025-09-24 14:05:46,002463.SZ,B,74.440,100
1368,58,2025-09-24,2025-09-24 14:05:43,301015.SZ,B,27.670,300
1369,52,2025-09-24,2025-09-24 14:05:19,301015.SZ,B,27.670,100
1370,58,2025-09-24,2025-09-24 14:05:42,300705.SZ,B,17.220,100
1371,59,2025-09-24,2025-09-24 14:05:42,002008.SZ,B,42.310,200
1372,59,2025-09-24,2025-09-24 14:05:41,002008.SZ,B,42.310,500
1373,59,2025-09-24,2025-09-24 14:05:41,002008.SZ,B,42.310,100
1374,61,2025-09-24,2025-09-24 14:05:41,600509.SH,S,8.600,800
1375,52,2025-09-24,2025-09-24 14:05:39,002212.SZ,B,10.010,100
1376,59,2025-09-24,2025-09-24 14:05:39,600509.SH,S,8.590,1400
1377,52,2025-09-24,2025-09-24 14:05:38,002140.SZ,B,10.930,100
1378,52,2025-09-24,2025-09-24 14:05:37,605196.SH,S,24.640,100
1379,59,2025-09-24,2025-09-24 14:05:36,002622.SZ,B,3.930,500
1380,61,2025-09-24,2025-09-24 14:05:36,002622.SZ,B,3.930,200
1381,52,2025-09-24,2025-09-24 14:01:51,002622.SZ,B,3.930,100
1382,58,2025-09-24,2025-09-24 14:05:28,300642.SZ,B,23.370,100
1383,58,2025-09-24,2025-09-24 14:05:28,000657.SZ,B,17.510,400
1384,61,2025-09-24,2025-09-24 14:05:25,002657.SZ,B,32.370,100
1385,61,2025-09-24,2025-09-24 14:05:24,000657.SZ,B,17.510,300
1386,59,2025-09-24,2025-09-24 14:05:21,000657.SZ,B,17.510,500
1387,61,2025-09-24,2025-09-24 14:05:22,600601.SH,B,10.730,200
1388,58,2025-09-24,2025-09-24 14:05:19,002239.SZ,S,3.380,100
1389,52,2025-09-24,2025-09-24 14:04:51,002055.SZ,S,8.120,200
1390,52,2025-09-24,2025-09-24 14:05:03,002803.SZ,S,18.990,100
1391,58,2025-09-24,2025-09-24 14:05:16,300468.SZ,B,37.950,100
1392,52,2025-09-24,2025-09-24 14:05:16,300468.SZ,B,37.950,100
1393,58,2025-09-24,2025-09-24 14:05:12,002803.SZ,S,18.990,200
1394,52,2025-09-24,2025-09-24 14:05:06,000725.SZ,S,4.200,100
1395,52,2025-09-24,2025-09-24 14:04:37,601077.SH,B,6.550,700
1396,52,2025-09-24,2025-09-24 14:04:37,601077.SH,B,6.550,200
1397,58,2025-09-24,2025-09-24 14:05:04,601077.SH,B,6.550,1900
1398,58,2025-09-24,2025-09-24 14:05:02,600816.SH,B,3.100,100
1399,58,2025-09-24,2025-09-24 14:05:02,002491.SZ,B,5.530,100
1400,58,2025-09-24,2025-09-24 14:05:00,300009.SZ,B,10.190,800
1401,52,2025-09-24,2025-09-24 14:04:33,002145.SZ,S,5.740,900
1402,58,2025-09-24,2025-09-24 14:04:49,002145.SZ,S,5.740,1700
1403,59,2025-09-24,2025-09-24 14:04:45,300185.SZ,S,3.080,100
1404,59,2025-09-24,2025-09-24 14:04:40,002448.SZ,S,11.020,400
1405,61,2025-09-24,2025-09-24 14:04:40,002448.SZ,S,11.020,600
1406,58,2025-09-24,2025-09-24 14:04:39,002448.SZ,S,11.020,600
1407,58,2025-09-24,2025-09-24 14:04:17,001269.SZ,B,26.540,100
1408,58,2025-09-24,2025-09-24 14:04:01,002215.SZ,B,13.080,100
1409,58,2025-09-24,2025-09-24 14:03:59,605196.SH,S,24.670,100
1410,61,2025-09-24,2025-09-24 14:03:53,300185.SZ,B,3.070,200
1411,58,2025-09-24,2025-09-24 14:03:43,300185.SZ,B,3.070,200
1412,52,2025-09-24,2025-09-24 14:03:04,603328.SH,B,12.210,100
1413,58,2025-09-24,2025-09-24 14:03:41,002169.SZ,B,7.850,100
1414,61,2025-09-24,2025-09-24 14:03:35,600595.SH,B,5.240,200
1415,59,2025-09-24,2025-09-24 14:03:33,002055.SZ,S,8.120,400
1416,61,2025-09-24,2025-09-24 14:03:33,002055.SZ,S,8.120,1000
1417,60,2025-09-24,2025-09-24 14:01:57,600036.SH,S,41.470,500
1418,59,2025-09-24,2025-09-24 14:03:27,600684.SH,B,5.910,500
1419,59,2025-09-24,2025-09-24 14:03:27,600094.SH,S,4.260,100
1420,58,2025-09-24,2025-09-24 14:03:26,002445.SZ,B,2.670,100
1421,58,2025-09-24,2025-09-24 14:03:22,003036.SZ,S,16.960,300
1422,52,2025-09-24,2025-09-24 14:03:22,003036.SZ,S,16.960,100
1423,61,2025-09-24,2025-09-24 14:03:19,002463.SZ,B,74.540,100
1424,52,2025-09-24,2025-09-24 14:02:19,002042.SZ,B,5.700,100
1425,59,2025-09-24,2025-09-24 14:03:18,600509.SH,S,8.610,1100
1426,61,2025-09-24,2025-09-24 14:03:18,600509.SH,S,8.610,1300
1427,58,2025-09-24,2025-09-24 14:03:15,600509.SH,S,8.600,1300
1428,58,2025-09-24,2025-09-24 14:03:15,600509.SH,S,8.600,900
1429,61,2025-09-24,2025-09-24 14:03:16,000988.SZ,B,88.460,200
1430,52,2025-09-24,2025-09-24 14:03:14,600509.SH,S,8.600,500
1431,58,2025-09-24,2025-09-24 14:03:14,601137.SH,S,25.450,100
1432,58,2025-09-24,2025-09-24 14:03:13,000659.SZ,B,2.830,100
1433,61,2025-09-24,2025-09-24 14:03:00,600509.SH,S,8.610,100
1434,59,2025-09-24,2025-09-24 14:02:59,601137.SH,S,25.470,200
1435,59,2025-09-24,2025-09-24 14:02:59,600689.SH,S,14.470,500
1436,61,2025-09-24,2025-09-24 14:02:59,600509.SH,S,8.610,1100
1437,61,2025-09-24,2025-09-24 14:02:59,600689.SH,S,14.470,600
1438,58,2025-09-24,2025-09-24 14:02:57,002796.SZ,B,17.810,300
1439,58,2025-09-24,2025-09-24 14:02:56,600689.SH,S,14.470,1100
1440,52,2025-09-24,2025-09-24 14:02:56,600689.SH,S,14.470,300
1441,61,2025-09-24,2025-09-24 14:02:56,600509.SH,S,8.610,500
1442,61,2025-09-24,2025-09-24 14:02:53,601137.SH,S,25.470,200
1443,52,2025-09-24,2025-09-24 14:02:52,601456.SH,S,10.920,100
1444,58,2025-09-24,2025-09-24 14:02:50,003040.SZ,S,21.190,100
1445,59,2025-09-24,2025-09-24 14:02:49,600967.SH,S,18.820,100
1446,61,2025-09-24,2025-09-24 14:02:49,600967.SH,S,18.820,200
1447,58,2025-09-24,2025-09-24 14:02:47,002463.SZ,B,74.730,100
1448,58,2025-09-24,2025-09-24 14:02:48,603667.SH,B,47.460,100
1449,58,2025-09-24,2025-09-24 14:02:43,002042.SZ,B,5.700,100
1450,61,2025-09-24,2025-09-24 14:02:43,002042.SZ,B,5.700,200
1451,61,2025-09-24,2025-09-24 14:02:36,603667.SH,B,47.420,100
1452,61,2025-09-24,2025-09-24 14:02:36,603667.SH,B,47.420,100
1453,59,2025-09-24,2025-09-24 14:02:29,301607.SZ,S,42.150,100
1454,61,2025-09-24,2025-09-24 14:02:29,301607.SZ,S,42.140,100
1455,61,2025-09-24,2025-09-24 14:02:29,301607.SZ,S,42.150,100
1456,58,2025-09-24,2025-09-24 14:02:19,301607.SZ,S,42.160,200
1457,61,2025-09-24,2025-09-24 14:02:12,301018.SZ,B,74.220,200
1458,58,2025-09-24,2025-09-24 14:02:07,002448.SZ,S,11.030,300
1459,61,2025-09-24,2025-09-24 14:02:03,003036.SZ,S,16.970,400
1460,59,2025-09-24,2025-09-24 14:02:03,003036.SZ,S,16.970,100
1461,58,2025-09-24,2025-09-24 14:01:50,002256.SZ,B,3.020,100
1462,58,2025-09-24,2025-09-24 14:01:48,002622.SZ,B,3.940,100
1463,58,2025-09-24,2025-09-24 14:01:21,002957.SZ,B,19.810,100
1464,58,2025-09-24,2025-09-24 14:01:19,002100.SZ,B,7.710,100
1465,58,2025-09-24,2025-09-24 14:01:15,000813.SZ,B,4.190,100
1466,58,2025-09-24,2025-09-24 14:01:15,002506.SZ,B,2.550,100
1467,61,2025-09-24,2025-09-24 14:01:16,300727.SZ,B,39.600,200
1468,58,2025-09-24,2025-09-24 13:58:30,002374.SZ,B,2.830,100
1469,58,2025-09-24,2025-09-24 13:58:30,002431.SZ,B,2.450,100
1470,58,2025-09-24,2025-09-24 13:58:24,603536.SH,S,10.060,100
1471,58,2025-09-24,2025-09-24 13:58:21,002176.SZ,B,9.770,200
1472,58,2025-09-24,2025-09-24 13:58:21,002176.SZ,B,9.770,200
1473,59,2025-09-24,2025-09-24 13:58:16,601137.SH,B,25.430,400
1474,61,2025-09-24,2025-09-24 13:58:16,000555.SZ,B,13.800,400
1475,61,2025-09-24,2025-09-24 13:58:16,000555.SZ,B,13.790,200
1476,59,2025-09-24,2025-09-24 13:58:14,601077.SH,B,6.570,2500
1477,58,2025-09-24,2025-09-24 13:58:13,600221.SH,B,1.610,200
1478,58,2025-09-24,2025-09-24 13:58:12,002146.SZ,B,1.660,100
1479,61,2025-09-24,2025-09-24 13:58:13,601113.SH,S,4.300,100
1480,52,2025-09-24,2025-09-24 13:58:13,600221.SH,B,1.610,100
1481,58,2025-09-24,2025-09-24 13:58:11,003019.SZ,B,39.200,100
1482,61,2025-09-24,2025-09-24 13:58:12,600967.SH,B,18.800,200
1483,58,2025-09-24,2025-09-24 13:58:10,002273.SZ,B,27.250,300
1484,58,2025-09-24,2025-09-24 13:58:09,603633.SH,S,12.930,200
1485,58,2025-09-24,2025-09-24 13:58:09,603633.SH,S,12.930,500
1486,58,2025-09-24,2025-09-24 13:58:09,603633.SH,S,12.940,100
1487,58,2025-09-24,2025-09-24 13:58:09,603633.SH,S,12.940,300
1488,61,2025-09-24,2025-09-24 13:58:11,688658.SH,B,23.360,94
1489,61,2025-09-24,2025-09-24 13:58:11,688658.SH,B,23.360,278
1490,52,2025-09-24,2025-09-24 13:58:10,002273.SZ,B,27.250,200
1491,52,2025-09-24,2025-09-24 13:58:10,603633.SH,S,12.930,300
1492,52,2025-09-24,2025-09-24 13:58:09,600905.SH,B,4.260,100
1493,58,2025-09-24,2025-09-24 13:58:07,002259.SZ,B,4.020,100
1494,58,2025-09-24,2025-09-24 13:58:07,002256.SZ,B,3.030,100
1495,58,2025-09-24,2025-09-24 13:58:07,600203.SH,B,13.800,500
1496,61,2025-09-24,2025-09-24 13:58:09,002431.SZ,B,2.450,200
1497,58,2025-09-24,2025-09-24 13:58:06,002269.SZ,B,2.440,3900
1498,52,2025-09-24,2025-09-24 13:58:07,002516.SZ,S,6.350,100
1499,58,2025-09-24,2025-09-24 13:58:05,300467.SZ,S,27.110,400
1500,58,2025-09-24,2025-09-24 13:58:05,000069.SZ,B,2.580,200
1501,58,2025-09-24,2025-09-24 13:58:05,300185.SZ,B,3.070,100
1502,58,2025-09-24,2025-09-24 13:58:04,601975.SH,B,3.120,200
1503,52,2025-09-24,2025-09-24 13:58:05,000069.SZ,B,2.580,100
1504,52,2025-09-24,2025-09-24 13:58:05,300185.SZ,B,3.070,100
1505,59,2025-09-24,2025-09-24 13:58:04,600503.SH,B,3.370,100
1506,59,2025-09-24,2025-09-24 13:58:04,600503.SH,B,3.370,300
1507,61,2025-09-24,2025-09-24 13:58:04,603368.SH,B,19.540,400
1508,61,2025-09-24,2025-09-24 13:58:04,603368.SH,B,19.540,200
1509,61,2025-09-24,2025-09-24 13:58:04,600503.SH,B,3.370,200
1510,52,2025-09-24,2025-09-24 13:58:04,601975.SH,B,3.120,100
1511,58,2025-09-24,2025-09-24 13:58:04,000882.SZ,B,2.050,200
1512,52,2025-09-24,2025-09-24 13:57:57,603305.SH,B,18.110,200
1513,52,2025-09-24,2025-09-24 13:57:56,600016.SH,B,4.080,500
1514,52,2025-09-24,2025-09-24 13:52:12,603368.SH,B,19.530,100
1515,58,2025-09-24,2025-09-24 13:57:51,002842.SZ,B,10.210,100
1516,58,2025-09-24,2025-09-24 13:57:51,600179.SH,B,3.740,100
1517,58,2025-09-24,2025-09-24 13:57:49,601218.SH,B,4.660,100
1518,61,2025-09-24,2025-09-24 13:57:47,600221.SH,B,1.610,200
1519,58,2025-09-24,2025-09-24 13:57:45,002323.SZ,B,1.720,100
1520,61,2025-09-24,2025-09-24 13:57:46,002072.SZ,S,7.600,200
1521,61,2025-09-24,2025-09-24 13:57:46,002072.SZ,S,7.600,300
1522,61,2025-09-24,2025-09-24 13:57:46,002072.SZ,S,7.600,400
1523,52,2025-09-24,2025-09-24 13:57:46,301018.SZ,B,73.980,100
1524,59,2025-09-24,2025-09-24 13:57:45,002072.SZ,S,7.600,400
1525,61,2025-09-24,2025-09-24 13:57:45,688658.SH,B,23.370,43
1526,58,2025-09-24,2025-09-24 13:57:43,002622.SZ,S,3.940,100
1527,61,2025-09-24,2025-09-24 13:57:42,688658.SH,B,23.370,23
1528,59,2025-09-24,2025-09-24 13:57:39,000069.SZ,B,2.580,400
1529,61,2025-09-24,2025-09-24 13:57:40,000069.SZ,B,2.580,200
1530,52,2025-09-24,2025-09-24 13:57:28,603201.SH,B,19.200,100
1531,52,2025-09-24,2025-09-24 13:57:33,600549.SH,B,28.150,100
1532,61,2025-09-24,2025-09-24 13:57:29,688658.SH,B,23.370,134
1533,58,2025-09-24,2025-09-24 13:57:21,002008.SZ,B,42.350,200
1534,58,2025-09-24,2025-09-24 13:57:19,002892.SZ,B,15.570,200
1535,58,2025-09-24,2025-09-24 13:57:14,603959.SH,B,6.100,100
1536,58,2025-09-24,2025-09-24 13:57:12,002651.SZ,B,11.250,400
1537,52,2025-09-24,2025-09-24 13:46:19,002807.SZ,S,4.570,100
1538,61,2025-09-24,2025-09-24 13:57:10,603368.SH,B,19.540,100
1539,58,2025-09-24,2025-09-24 13:57:08,300324.SZ,B,7.130,100
1540,61,2025-09-24,2025-09-24 13:57:09,603368.SH,B,19.540,100
1541,61,2025-09-24,2025-09-24 13:57:09,603368.SH,B,19.540,200
1542,59,2025-09-24,2025-09-24 13:57:09,603368.SH,B,19.540,500
1543,58,2025-09-24,2025-09-24 13:57:07,603368.SH,B,19.540,300
1544,58,2025-09-24,2025-09-24 13:57:07,603368.SH,B,19.540,400
1545,61,2025-09-24,2025-09-24 13:57:09,002273.SZ,B,27.210,300
1546,58,2025-09-24,2025-09-24 13:57:07,603936.SH,B,13.560,100
1547,59,2025-09-24,2025-09-24 13:57:06,002273.SZ,B,27.210,100
1548,61,2025-09-24,2025-09-24 13:57:06,002273.SZ,B,27.210,900
1549,58,2025-09-24,2025-09-24 13:57:04,603305.SH,B,18.120,600
1550,59,2025-09-24,2025-09-24 13:57:04,002273.SZ,B,27.210,700
1551,52,2025-09-24,2025-09-24 13:57:03,002317.SZ,B,17.760,200
1552,58,2025-09-24,2025-09-24 13:57:01,002657.SZ,B,32.310,100
1553,58,2025-09-24,2025-09-24 13:57:01,002707.SZ,B,7.490,100
1554,52,2025-09-24,2025-09-24 13:54:27,002707.SZ,B,7.490,100
1555,52,2025-09-24,2025-09-24 13:57:01,002657.SZ,B,32.320,100
1556,58,2025-09-24,2025-09-24 13:56:58,001269.SZ,S,26.570,100
1557,61,2025-09-24,2025-09-24 13:56:57,300642.SZ,S,23.360,100
1558,58,2025-09-24,2025-09-24 13:56:53,600721.SH,S,9.220,300
1559,58,2025-09-24,2025-09-24 13:56:48,603506.SH,B,13.820,100
1560,58,2025-09-24,2025-09-24 13:56:45,688658.SH,B,23.370,144
1561,58,2025-09-24,2025-09-24 13:56:45,688658.SH,B,23.370,398
1562,52,2025-09-24,2025-09-24 13:56:41,300141.SZ,S,9.730,800
1563,58,2025-09-24,2025-09-24 13:56:37,603617.SH,B,8.510,100
1564,58,2025-09-24,2025-09-24 13:56:30,300153.SZ,B,38.640,100
1565,58,2025-09-24,2025-09-24 13:56:31,001269.SZ,S,26.570,100
1566,58,2025-09-24,2025-09-24 13:56:17,002055.SZ,S,8.090,900
1567,58,2025-09-24,2025-09-24 13:56:16,301215.SZ,B,6.830,100
1568,59,2025-09-24,2025-09-24 13:56:16,300009.SZ,B,10.180,400
1569,61,2025-09-24,2025-09-24 13:56:16,300009.SZ,B,10.180,700
1570,61,2025-09-24,2025-09-24 13:56:15,300467.SZ,S,27.230,600
1571,58,2025-09-24,2025-09-24 13:56:10,000503.SZ,B,10.350,100
1572,61,2025-09-24,2025-09-24 13:56:09,600545.SH,B,2.920,200
1573,58,2025-09-24,2025-09-24 13:56:02,002080.SZ,B,35.460,100
1574,58,2025-09-24,2025-09-24 13:56:01,002454.SZ,B,8.670,100
1575,58,2025-09-24,2025-09-24 13:55:58,600509.SH,S,8.620,900
1576,52,2025-09-24,2025-09-24 13:55:52,603101.SH,B,10.700,400
1577,58,2025-09-24,2025-09-24 13:55:57,601113.SH,B,4.310,200
1578,58,2025-09-24,2025-09-24 13:55:54,002317.SZ,S,17.780,1300
1579,58,2025-09-24,2025-09-24 13:55:55,002370.SZ,B,5.760,100
1580,58,2025-09-24,2025-09-24 13:55:53,300141.SZ,S,9.730,1100
1581,52,2025-09-24,2025-09-24 13:55:00,301377.SZ,B,80.900,100
1582,58,2025-09-24,2025-09-24 13:55:52,300009.SZ,B,10.200,100
1583,61,2025-09-24,2025-09-24 13:55:51,300629.SZ,S,19.890,100
1584,61,2025-09-24,2025-09-24 13:55:50,002491.SZ,B,5.540,200
1585,58,2025-09-24,2025-09-24 13:55:48,300141.SZ,S,9.730,1000
1586,58,2025-09-24,2025-09-24 13:55:48,300141.SZ,S,9.730,500
1587,58,2025-09-24,2025-09-24 13:55:48,300141.SZ,S,9.730,300
1588,58,2025-09-24,2025-09-24 13:55:43,002677.SZ,B,7.680,100
1589,58,2025-09-24,2025-09-24 13:55:41,300009.SZ,B,10.200,300
1590,61,2025-09-24,2025-09-24 13:55:41,601077.SH,B,6.560,100
1591,61,2025-09-24,2025-09-24 13:55:41,601077.SH,B,6.560,700
1592,61,2025-09-24,2025-09-24 13:55:39,601077.SH,B,6.560,100
1593,61,2025-09-24,2025-09-24 13:55:39,601077.SH,B,6.560,900
1594,61,2025-09-24,2025-09-24 13:55:39,601077.SH,B,6.560,100
1595,58,2025-09-24,2025-09-24 13:55:36,603500.SH,S,11.130,200
1596,52,2025-09-24,2025-09-24 13:55:36,603500.SH,S,11.130,100
1597,58,2025-09-24,2025-09-24 13:55:34,600819.SH,B,7.160,100
1598,59,2025-09-24,2025-09-24 13:55:34,600653.SH,B,2.090,400
1599,61,2025-09-24,2025-09-24 13:55:32,601077.SH,B,6.560,500
1600,61,2025-09-24,2025-09-24 13:55:20,603633.SH,S,12.990,900
1601,59,2025-09-24,2025-09-24 13:55:19,603633.SH,S,12.990,600
1602,59,2025-09-24,2025-09-24 13:55:19,603633.SH,S,12.990,300
1603,61,2025-09-24,2025-09-24 13:55:19,601077.SH,B,6.560,600
1604,61,2025-09-24,2025-09-24 13:55:15,688658.SH,B,23.370,200
1605,61,2025-09-24,2025-09-24 13:55:16,601077.SH,B,6.560,500
1606,61,2025-09-24,2025-09-24 13:55:15,300141.SZ,S,9.730,700
1607,61,2025-09-24,2025-09-24 13:55:13,001389.SZ,S,82.000,100
1608,58,2025-09-24,2025-09-24 13:55:08,603098.SH,B,14.560,100
1609,61,2025-09-24,2025-09-24 13:55:09,000980.SZ,S,3.430,200
1610,52,2025-09-24,2025-09-24 13:54:27,002651.SZ,B,11.260,100
1611,58,2025-09-24,2025-09-24 13:55:04,002772.SZ,B,9.480,100
1612,58,2025-09-24,2025-09-24 13:55:04,002772.SZ,B,9.480,100
1613,59,2025-09-24,2025-09-24 13:55:05,002317.SZ,S,17.790,500
1614,59,2025-09-24,2025-09-24 13:55:04,002317.SZ,S,17.790,100
1615,59,2025-09-24,2025-09-24 13:55:04,002317.SZ,S,17.790,100
1616,52,2025-09-24,2025-09-24 13:55:04,000630.SZ,S,4.300,100
1617,61,2025-09-24,2025-09-24 13:55:03,600509.SH,S,8.630,1000
1618,59,2025-09-24,2025-09-24 13:55:03,002317.SZ,S,17.790,100
1619,59,2025-09-24,2025-09-24 13:55:03,002317.SZ,S,17.790,100
1620,59,2025-09-24,2025-09-24 13:55:03,002317.SZ,S,17.790,200
1621,59,2025-09-24,2025-09-24 13:55:03,600509.SH,S,8.630,700
1622,58,2025-09-24,2025-09-24 13:55:01,600509.SH,S,8.630,700
1623,58,2025-09-24,2025-09-24 13:55:01,600509.SH,S,8.630,400
1624,52,2025-09-24,2025-09-24 13:54:27,002248.SZ,B,10.450,100
1625,58,2025-09-24,2025-09-24 13:55:00,002886.SZ,B,23.090,100
1626,52,2025-09-24,2025-09-24 13:53:05,300141.SZ,S,9.750,100
1627,58,2025-09-24,2025-09-24 13:54:53,601778.SH,B,3.750,100
1628,58,2025-09-24,2025-09-24 13:54:51,002140.SZ,B,10.930,100
1629,58,2025-09-24,2025-09-24 13:54:51,603085.SH,B,11.110,100
1630,52,2025-09-24,2025-09-24 13:54:51,603633.SH,S,13.020,300
1631,52,2025-09-24,2025-09-24 13:54:51,603633.SH,S,13.020,200
1632,58,2025-09-24,2025-09-24 13:54:49,002176.SZ,B,9.790,1200
1633,61,2025-09-24,2025-09-24 13:54:49,600487.SH,S,22.630,200
1634,59,2025-09-24,2025-09-24 13:54:49,600487.SH,S,22.630,600
1635,58,2025-09-24,2025-09-24 13:54:49,600487.SH,S,22.630,700
1636,58,2025-09-24,2025-09-24 13:54:48,002858.SZ,B,15.160,100
1637,61,2025-09-24,2025-09-24 13:54:46,600487.SH,S,22.620,500
