,fund_id,trade_dt,trade_time,s_info_windcode,direction,price,qty
0,61,2025-09-19,2025-09-19 14:56:57,603300.SH,B,10.000,300
1,60,2025-09-19,2025-09-19 14:56:29,600755.SH,S,6.100,400
2,61,2025-09-19,2025-09-19 14:56:25,300773.SZ,B,25.200,900
3,61,2025-09-19,2025-09-19 14:56:23,600689.SH,S,14.300,1000
4,61,2025-09-19,2025-09-19 14:56:22,002389.SZ,S,21.480,200
5,61,2025-09-19,2025-09-19 14:56:21,002642.SZ,S,9.820,400
6,58,2025-09-19,2025-09-19 14:56:21,600249.SH,S,6.170,2100
7,59,2025-09-19,2025-09-19 14:56:21,603506.SH,S,14.210,100
8,61,2025-09-19,2025-09-19 14:56:19,603278.SH,S,11.160,400
9,52,2025-09-19,2025-09-19 14:56:19,300468.SZ,B,39.730,100
10,58,2025-09-19,2025-09-19 14:56:19,300409.SZ,B,24.960,600
11,58,2025-09-19,2025-09-19 14:56:19,300409.SZ,B,24.960,1000
12,52,2025-09-19,2025-09-19 14:56:17,603717.SH,S,9.000,600
13,58,2025-09-19,2025-09-19 14:56:18,603950.SH,S,35.510,100
14,58,2025-09-19,2025-09-19 14:56:17,603717.SH,S,9.000,2300
15,52,2025-09-19,2025-09-19 14:56:16,600797.SH,B,10.550,400
16,60,2025-09-19,2025-09-19 14:56:15,000700.SZ,B,11.480,300
17,61,2025-09-19,2025-09-19 14:56:15,600063.SH,B,5.790,300
18,59,2025-09-19,2025-09-19 14:56:16,300773.SZ,B,25.190,300
19,58,2025-09-19,2025-09-19 14:56:15,000753.SZ,S,7.380,500
20,52,2025-09-19,2025-09-19 14:56:15,000753.SZ,S,7.380,100
21,52,2025-09-19,2025-09-19 14:56:15,002100.SZ,S,7.670,800
22,61,2025-09-19,2025-09-19 14:56:13,300224.SZ,B,16.490,1017
23,61,2025-09-19,2025-09-19 14:56:13,300224.SZ,B,16.490,83
24,59,2025-09-19,2025-09-19 14:56:13,600689.SH,S,14.300,500
25,52,2025-09-19,2025-09-19 14:56:09,300409.SZ,B,24.950,400
26,61,2025-09-19,2025-09-19 14:56:11,300435.SZ,S,20.090,100
27,61,2025-09-19,2025-09-19 14:56:11,300435.SZ,S,20.090,100
28,58,2025-09-19,2025-09-19 14:56:10,300773.SZ,B,25.200,800
29,58,2025-09-19,2025-09-19 14:56:10,600366.SH,B,14.370,300
30,52,2025-09-19,2025-09-19 14:56:09,600689.SH,S,14.300,300
31,58,2025-09-19,2025-09-19 14:56:09,600151.SH,S,8.260,700
32,59,2025-09-19,2025-09-19 14:56:07,300409.SZ,B,24.960,800
33,58,2025-09-19,2025-09-19 14:56:08,600446.SH,B,18.610,200
34,59,2025-09-19,2025-09-19 14:56:06,600397.SH,S,7.270,500
35,58,2025-09-19,2025-09-19 14:56:07,600689.SH,S,14.290,800
36,58,2025-09-19,2025-09-19 14:56:07,600689.SH,S,14.290,600
37,52,2025-09-19,2025-09-19 14:56:07,300773.SZ,B,25.200,100
38,62,2025-09-19,2025-09-19 14:56:06,600025.SH,B,9.200,900
39,62,2025-09-19,2025-09-19 14:56:06,600025.SH,B,9.200,600
40,62,2025-09-19,2025-09-19 14:56:06,600025.SH,B,9.200,700
41,62,2025-09-19,2025-09-19 14:56:06,600025.SH,B,9.200,200
42,62,2025-09-19,2025-09-19 14:56:06,600025.SH,B,9.200,200
43,62,2025-09-19,2025-09-19 14:56:06,600025.SH,B,9.200,400
44,62,2025-09-19,2025-09-19 14:56:06,600025.SH,B,9.200,300
45,62,2025-09-19,2025-09-19 14:56:06,600025.SH,B,9.200,400
46,61,2025-09-19,2025-09-19 14:56:07,601208.SH,S,21.110,100
47,61,2025-09-19,2025-09-19 14:56:06,600397.SH,S,7.270,400
48,60,2025-09-19,2025-09-19 14:56:06,600025.SH,B,9.200,300
49,61,2025-09-19,2025-09-19 14:56:06,600397.SH,S,7.270,900
50,60,2025-09-19,2025-09-19 14:56:06,600025.SH,B,9.200,100
51,58,2025-09-19,2025-09-19 14:56:06,603993.SH,S,12.510,500
52,61,2025-09-19,2025-09-19 14:56:04,300409.SZ,B,24.970,600
53,61,2025-09-19,2025-09-19 14:56:04,300409.SZ,B,24.970,200
54,61,2025-09-19,2025-09-19 14:56:04,300409.SZ,B,24.970,800
55,61,2025-09-19,2025-09-19 14:56:04,300409.SZ,B,24.970,500
56,61,2025-09-19,2025-09-19 14:56:04,300409.SZ,B,24.970,700
57,52,2025-09-19,2025-09-19 14:56:05,603698.SH,S,19.350,100
58,60,2025-09-19,2025-09-19 14:56:03,000893.SZ,B,36.620,100
59,61,2025-09-19,2025-09-19 14:56:04,603285.SH,S,26.550,100
60,62,2025-09-19,2025-09-19 14:56:04,600522.SH,B,16.710,300
61,60,2025-09-19,2025-09-19 14:56:03,000893.SZ,B,36.620,100
62,61,2025-09-19,2025-09-19 14:56:04,603506.SH,S,14.210,200
63,59,2025-09-19,2025-09-19 14:56:04,603285.SH,S,26.550,100
64,59,2025-09-19,2025-09-19 14:56:03,300747.SZ,S,27.320,100
65,52,2025-09-19,2025-09-19 14:56:03,600521.SH,S,22.930,100
66,58,2025-09-19,2025-09-19 14:56:02,603278.SH,S,11.170,200
67,58,2025-09-19,2025-09-19 14:56:02,603278.SH,S,11.170,100
68,58,2025-09-19,2025-09-19 14:56:02,603278.SH,S,11.170,200
69,58,2025-09-19,2025-09-19 14:56:02,002248.SZ,B,10.600,900
70,61,2025-09-19,2025-09-19 14:56:01,300173.SZ,B,6.100,300
71,61,2025-09-19,2025-09-19 14:56:01,300836.SZ,S,47.130,100
72,61,2025-09-19,2025-09-19 14:56:01,002664.SZ,S,30.560,100
73,60,2025-09-19,2025-09-19 14:56:01,600489.SH,B,18.280,200
74,62,2025-09-19,2025-09-19 14:56:01,002555.SZ,B,23.570,300
75,62,2025-09-19,2025-09-19 14:56:00,002632.SZ,S,10.640,4300
76,60,2025-09-19,2025-09-19 14:56:00,002632.SZ,S,10.640,2000
77,59,2025-09-19,2025-09-19 14:56:00,301076.SZ,B,56.020,100
78,52,2025-09-19,2025-09-19 14:56:00,603950.SH,S,35.500,100
79,44,2025-09-19,2025-09-19 14:56:00,688403.SH,S,15.140,100
80,44,2025-09-19,2025-09-19 14:56:00,688403.SH,S,15.140,200
81,44,2025-09-19,2025-09-19 14:56:00,300428.SZ,B,23.460,200
82,44,2025-09-19,2025-09-19 14:56:00,605305.SH,S,40.010,200
83,44,2025-09-19,2025-09-19 14:56:00,300521.SZ,B,31.700,100
84,44,2025-09-19,2025-09-19 14:56:00,002158.SZ,S,28.350,300
85,58,2025-09-19,2025-09-19 14:56:00,600797.SH,B,10.540,1700
86,44,2025-09-19,2025-09-19 14:56:00,002632.SZ,S,10.640,400
87,58,2025-09-19,2025-09-19 14:56:00,000603.SZ,S,20.280,200
88,61,2025-09-19,2025-09-19 14:56:00,002072.SZ,B,7.780,300
89,59,2025-09-19,2025-09-19 14:56:00,600513.SH,B,20.030,100
90,52,2025-09-19,2025-09-19 14:55:58,600151.SH,S,8.270,100
91,59,2025-09-19,2025-09-19 14:55:56,300340.SZ,B,13.830,100
92,58,2025-09-19,2025-09-19 14:55:56,301076.SZ,B,56.010,400
93,52,2025-09-19,2025-09-19 14:55:55,600397.SH,S,7.270,100
94,58,2025-09-19,2025-09-19 14:55:55,600397.SH,S,7.270,1500
95,61,2025-09-19,2025-09-19 14:55:55,600513.SH,B,20.030,300
96,61,2025-09-19,2025-09-19 14:55:55,600513.SH,B,20.030,300
97,61,2025-09-19,2025-09-19 14:55:54,300468.SZ,B,39.740,200
98,61,2025-09-19,2025-09-19 14:55:54,300468.SZ,B,39.740,400
99,59,2025-09-19,2025-09-19 14:55:54,300468.SZ,B,39.740,100
100,62,2025-09-19,2025-09-19 14:55:54,601518.SH,B,2.770,1200
101,61,2025-09-19,2025-09-19 14:55:52,002182.SZ,S,15.450,600
102,61,2025-09-19,2025-09-19 14:55:52,002182.SZ,S,15.450,100
103,59,2025-09-19,2025-09-19 14:55:50,002182.SZ,S,15.450,200
104,59,2025-09-19,2025-09-19 14:55:46,600249.SH,S,6.180,1000
105,58,2025-09-19,2025-09-19 14:55:36,002642.SZ,S,9.830,1200
106,58,2025-09-19,2025-09-19 14:55:33,603950.SH,S,35.500,100
107,61,2025-09-19,2025-09-19 14:55:32,000727.SZ,B,2.780,300
108,59,2025-09-19,2025-09-19 14:55:32,000727.SZ,B,2.780,100
109,58,2025-09-19,2025-09-19 14:55:31,603278.SH,S,11.180,500
110,61,2025-09-19,2025-09-19 14:55:28,600249.SH,S,6.180,600
111,61,2025-09-19,2025-09-19 14:55:28,002354.SZ,B,7.190,500
112,61,2025-09-19,2025-09-19 14:55:24,603950.SH,S,35.510,100
113,52,2025-09-19,2025-09-19 14:55:21,603278.SH,S,11.170,400
114,61,2025-09-19,2025-09-19 14:55:18,600249.SH,S,6.180,500
115,61,2025-09-19,2025-09-19 14:55:18,600249.SH,S,6.180,600
116,61,2025-09-19,2025-09-19 14:55:18,603950.SH,S,35.510,100
117,61,2025-09-19,2025-09-19 14:55:17,002354.SZ,B,7.190,1000
118,61,2025-09-19,2025-09-19 14:55:16,600249.SH,S,6.180,200
119,58,2025-09-19,2025-09-19 14:55:14,002177.SZ,B,7.620,800
120,52,2025-09-19,2025-09-19 14:53:12,002177.SZ,B,7.620,100
121,61,2025-09-19,2025-09-19 14:55:13,600249.SH,S,6.180,500
122,61,2025-09-19,2025-09-19 14:55:13,600249.SH,S,6.180,2000
123,59,2025-09-19,2025-09-19 14:55:13,600249.SH,S,6.180,900
124,58,2025-09-19,2025-09-19 14:55:01,603067.SH,S,18.550,100
125,61,2025-09-19,2025-09-19 14:55:00,300328.SZ,S,18.690,100
126,52,2025-09-19,2025-09-19 14:46:28,002506.SZ,B,2.620,100
127,58,2025-09-19,2025-09-19 14:54:54,603928.SH,S,15.940,100
128,61,2025-09-19,2025-09-19 14:54:51,300094.SZ,B,3.760,300
129,61,2025-09-19,2025-09-19 14:54:47,600797.SH,B,10.540,2300
130,59,2025-09-19,2025-09-19 14:54:47,600797.SH,B,10.540,1300
131,61,2025-09-19,2025-09-19 14:54:46,600797.SH,B,10.540,500
132,58,2025-09-19,2025-09-19 14:54:46,002248.SZ,B,10.600,300
133,61,2025-09-19,2025-09-19 14:54:45,002506.SZ,B,2.620,300
134,61,2025-09-19,2025-09-19 14:54:43,002527.SZ,S,19.870,100
135,59,2025-09-19,2025-09-19 14:54:41,002527.SZ,S,19.870,100
136,61,2025-09-19,2025-09-19 14:54:38,300224.SZ,B,16.490,900
137,59,2025-09-19,2025-09-19 14:54:38,300224.SZ,B,16.490,700
138,44,2025-09-19,2025-09-19 14:54:38,002158.SZ,S,28.560,200
139,52,2025-09-19,2025-09-19 14:54:32,300912.SZ,S,18.990,100
140,58,2025-09-19,2025-09-19 14:54:31,300912.SZ,S,18.990,200
141,61,2025-09-19,2025-09-19 14:54:30,000603.SZ,S,20.290,300
142,59,2025-09-19,2025-09-19 14:54:26,002657.SZ,B,33.900,100
143,44,2025-09-19,2025-09-19 14:54:23,300722.SZ,B,32.000,100
144,59,2025-09-19,2025-09-19 14:54:19,002354.SZ,B,7.200,300
145,52,2025-09-19,2025-09-19 14:54:17,300575.SZ,B,6.720,100
146,62,2025-09-19,2025-09-19 14:54:14,600928.SH,B,4.030,1300
147,62,2025-09-19,2025-09-19 14:54:10,002344.SZ,S,4.770,1000
148,52,2025-09-19,2025-09-19 14:54:10,000603.SZ,S,20.270,100
149,59,2025-09-19,2025-09-19 14:54:10,000603.SZ,S,20.280,100
150,52,2025-09-19,2025-09-19 14:53:56,600797.SH,B,10.550,300
151,58,2025-09-19,2025-09-19 14:53:56,600797.SH,B,10.550,300
152,61,2025-09-19,2025-09-19 14:53:52,002445.SZ,B,2.730,300
153,59,2025-09-19,2025-09-19 14:53:52,002445.SZ,B,2.730,100
154,58,2025-09-19,2025-09-19 14:53:39,600176.SH,S,15.630,300
155,58,2025-09-19,2025-09-19 14:53:38,002436.SZ,B,23.700,200
156,61,2025-09-19,2025-09-19 14:53:34,300224.SZ,B,16.510,300
157,61,2025-09-19,2025-09-19 14:53:31,002248.SZ,B,10.600,400
158,58,2025-09-19,2025-09-19 14:53:27,600366.SH,B,14.380,600
159,61,2025-09-19,2025-09-19 14:53:27,600366.SH,B,14.380,1200
160,59,2025-09-19,2025-09-19 14:53:27,600366.SH,B,14.380,200
161,58,2025-09-19,2025-09-19 14:53:24,600797.SH,B,10.550,400
162,61,2025-09-19,2025-09-19 14:53:23,002354.SZ,B,7.200,700
163,52,2025-09-19,2025-09-19 14:53:22,300684.SZ,B,43.450,100
164,58,2025-09-19,2025-09-19 14:53:20,600797.SH,B,10.550,500
165,58,2025-09-19,2025-09-19 14:53:17,300836.SZ,S,47.120,100
166,61,2025-09-19,2025-09-19 14:53:15,000659.SZ,B,2.880,300
167,61,2025-09-19,2025-09-19 14:53:14,600052.SH,S,5.400,900
168,58,2025-09-19,2025-09-19 14:53:09,600052.SH,S,5.400,2700
169,61,2025-09-19,2025-09-19 14:53:09,600446.SH,B,18.610,600
170,52,2025-09-19,2025-09-19 14:53:09,600052.SH,S,5.400,700
171,59,2025-09-19,2025-09-19 14:53:09,600446.SH,B,18.610,200
172,58,2025-09-19,2025-09-19 14:53:06,300468.SZ,B,39.740,800
173,59,2025-09-19,2025-09-19 14:53:06,002436.SZ,B,23.690,200
174,61,2025-09-19,2025-09-19 14:53:06,002436.SZ,B,23.690,100
175,61,2025-09-19,2025-09-19 14:53:06,002436.SZ,B,23.690,100
176,61,2025-09-19,2025-09-19 14:53:06,002436.SZ,B,23.690,100
177,61,2025-09-19,2025-09-19 14:53:05,002436.SZ,B,23.690,100
178,61,2025-09-19,2025-09-19 14:53:05,002436.SZ,B,23.690,200
179,58,2025-09-19,2025-09-19 14:53:04,002436.SZ,B,23.700,200
180,59,2025-09-19,2025-09-19 14:53:04,002177.SZ,B,7.630,100
181,61,2025-09-19,2025-09-19 14:53:04,002177.SZ,B,7.630,600
182,62,2025-09-19,2025-09-19 14:53:03,600928.SH,B,4.030,800
183,59,2025-09-19,2025-09-19 14:53:02,002403.SZ,B,15.400,100
184,61,2025-09-19,2025-09-19 14:52:58,002021.SZ,B,2.770,300
185,52,2025-09-19,2025-09-19 14:46:28,002021.SZ,B,2.770,100
186,52,2025-09-19,2025-09-19 14:52:52,002354.SZ,B,7.200,600
187,58,2025-09-19,2025-09-19 14:52:48,002100.SZ,S,7.660,1700
188,58,2025-09-19,2025-09-19 14:52:47,600513.SH,B,20.000,400
189,58,2025-09-19,2025-09-19 14:52:48,002100.SZ,S,7.660,1100
190,61,2025-09-19,2025-09-19 14:52:48,002100.SZ,S,7.660,1500
191,61,2025-09-19,2025-09-19 14:52:48,002100.SZ,S,7.660,1000
192,52,2025-09-19,2025-09-19 14:52:47,600513.SH,B,20.000,100
193,58,2025-09-19,2025-09-19 14:52:44,300045.SZ,B,22.270,100
194,58,2025-09-19,2025-09-19 14:52:44,300045.SZ,B,22.270,200
195,58,2025-09-19,2025-09-19 14:52:43,300045.SZ,B,22.270,100
196,59,2025-09-19,2025-09-19 14:52:38,301069.SZ,B,22.290,100
197,58,2025-09-19,2025-09-19 14:52:33,600366.SH,B,14.380,300
198,58,2025-09-19,2025-09-19 14:52:21,600446.SH,B,18.630,200
199,61,2025-09-19,2025-09-19 14:52:21,603950.SH,S,35.490,100
200,61,2025-09-19,2025-09-19 14:52:21,603950.SH,S,35.490,100
201,52,2025-09-19,2025-09-19 14:52:01,600446.SH,B,18.630,100
202,44,2025-09-19,2025-09-19 14:52:19,603269.SH,S,12.480,300
203,59,2025-09-19,2025-09-19 14:52:18,603950.SH,S,35.490,100
204,52,2025-09-19,2025-09-19 14:52:14,600797.SH,B,10.550,300
205,58,2025-09-19,2025-09-19 14:52:13,600797.SH,B,10.550,300
206,59,2025-09-19,2025-09-19 14:52:10,300224.SZ,B,16.510,500
207,61,2025-09-19,2025-09-19 14:52:10,300224.SZ,B,16.510,600
208,62,2025-09-19,2025-09-19 14:52:07,002555.SZ,B,23.580,500
209,59,2025-09-19,2025-09-19 14:52:08,002842.SZ,B,10.490,100
210,61,2025-09-19,2025-09-19 14:52:05,300224.SZ,B,16.520,100
211,62,2025-09-19,2025-09-19 14:52:05,002555.SZ,B,23.570,200
212,61,2025-09-19,2025-09-19 14:52:05,300224.SZ,B,16.520,100
213,52,2025-09-19,2025-09-19 14:52:04,300224.SZ,B,16.520,400
214,59,2025-09-19,2025-09-19 14:52:03,603993.SH,S,12.500,400
215,61,2025-09-19,2025-09-19 14:52:02,002036.SZ,B,11.490,300
216,52,2025-09-19,2025-09-19 14:52:02,300224.SZ,B,16.520,400
217,58,2025-09-19,2025-09-19 14:52:00,300224.SZ,B,16.520,2400
218,52,2025-09-19,2025-09-19 14:51:56,300224.SZ,B,16.520,200
219,52,2025-09-19,2025-09-19 14:51:59,002389.SZ,S,21.470,100
220,52,2025-09-19,2025-09-19 14:51:55,300340.SZ,B,13.830,100
221,58,2025-09-19,2025-09-19 14:51:58,300224.SZ,B,16.520,200
222,58,2025-09-19,2025-09-19 14:51:57,300224.SZ,B,16.520,400
223,58,2025-09-19,2025-09-19 14:51:56,300224.SZ,B,16.520,700
224,58,2025-09-19,2025-09-19 14:51:56,300224.SZ,B,16.520,300
225,58,2025-09-19,2025-09-19 14:51:54,002389.SZ,S,21.470,600
226,61,2025-09-19,2025-09-19 14:51:48,603993.SH,S,12.500,108
227,61,2025-09-19,2025-09-19 14:51:48,603993.SH,S,12.500,92
228,61,2025-09-19,2025-09-19 14:51:48,603993.SH,S,12.500,200
229,61,2025-09-19,2025-09-19 14:51:48,603993.SH,S,12.500,600
230,62,2025-09-19,2025-09-19 14:51:47,600025.SH,B,9.200,1800
231,60,2025-09-19,2025-09-19 14:51:47,600025.SH,B,9.200,500
232,59,2025-09-19,2025-09-19 14:51:46,002233.SZ,S,8.870,100
233,61,2025-09-19,2025-09-19 14:51:40,002664.SZ,S,30.550,100
234,61,2025-09-19,2025-09-19 14:51:38,002642.SZ,S,9.810,1700
235,58,2025-09-19,2025-09-19 14:51:33,600503.SH,B,3.560,400
236,52,2025-09-19,2025-09-19 14:47:37,600503.SH,B,3.560,100
237,61,2025-09-19,2025-09-19 14:51:30,002389.SZ,S,21.480,279
238,61,2025-09-19,2025-09-19 14:51:29,300009.SZ,B,10.310,300
239,61,2025-09-19,2025-09-19 14:51:27,002389.SZ,S,21.480,100
240,58,2025-09-19,2025-09-19 14:51:25,300435.SZ,S,20.090,400
241,52,2025-09-19,2025-09-19 14:51:25,300435.SZ,S,20.090,100
242,61,2025-09-19,2025-09-19 14:51:25,002389.SZ,S,21.480,21
243,59,2025-09-19,2025-09-19 14:51:23,002389.SZ,S,21.480,300
244,58,2025-09-19,2025-09-19 14:51:22,603950.SH,S,35.400,100
245,61,2025-09-19,2025-09-19 14:51:20,603717.SH,S,9.000,500
246,61,2025-09-19,2025-09-19 14:51:20,603717.SH,S,9.000,100
247,61,2025-09-19,2025-09-19 14:51:20,603717.SH,S,9.000,3500
248,59,2025-09-19,2025-09-19 14:51:21,603717.SH,S,9.000,100
249,59,2025-09-19,2025-09-19 14:51:21,603717.SH,S,9.000,100
250,59,2025-09-19,2025-09-19 14:51:21,603717.SH,S,9.000,200
251,59,2025-09-19,2025-09-19 14:51:21,603717.SH,S,9.000,1000
252,59,2025-09-19,2025-09-19 14:51:21,603717.SH,S,9.000,400
253,61,2025-09-19,2025-09-19 14:51:19,600689.SH,S,14.240,300
254,58,2025-09-19,2025-09-19 14:51:18,603717.SH,S,9.000,1100
255,58,2025-09-19,2025-09-19 14:51:18,603717.SH,S,9.000,1100
256,58,2025-09-19,2025-09-19 14:51:18,603717.SH,S,9.000,400
257,52,2025-09-19,2025-09-19 14:51:17,603717.SH,S,9.000,700
258,52,2025-09-19,2025-09-19 14:51:16,002085.SZ,B,17.540,100
259,44,2025-09-19,2025-09-19 14:51:13,688779.SH,B,7.270,500
260,61,2025-09-19,2025-09-19 14:51:12,300912.SZ,S,18.960,100
261,59,2025-09-19,2025-09-19 14:51:12,300912.SZ,S,18.960,100
262,61,2025-09-19,2025-09-19 14:51:11,002323.SZ,S,1.890,700
263,59,2025-09-19,2025-09-19 14:51:11,002323.SZ,S,1.890,400
264,60,2025-09-19,2025-09-19 14:51:09,600522.SH,B,16.710,600
265,60,2025-09-19,2025-09-19 14:51:09,600522.SH,B,16.710,300
266,60,2025-09-19,2025-09-19 14:51:09,600522.SH,B,16.710,1100
267,60,2025-09-19,2025-09-19 14:51:09,600522.SH,B,16.710,500
268,60,2025-09-19,2025-09-19 14:51:09,600522.SH,B,16.710,300
269,60,2025-09-19,2025-09-19 14:51:09,600522.SH,B,16.710,600
270,60,2025-09-19,2025-09-19 14:51:09,600522.SH,B,16.710,200
271,61,2025-09-19,2025-09-19 14:51:11,002026.SZ,B,13.620,300
272,60,2025-09-19,2025-09-19 14:51:09,600522.SH,B,16.710,1300
273,62,2025-09-19,2025-09-19 14:51:07,600917.SH,B,5.750,500
274,62,2025-09-19,2025-09-19 14:51:07,600917.SH,B,5.750,100
275,58,2025-09-19,2025-09-19 14:51:06,603993.SH,S,12.500,300
276,52,2025-09-19,2025-09-19 14:49:44,603500.SH,B,11.260,100
277,52,2025-09-19,2025-09-19 14:51:04,603993.SH,S,12.500,200
278,52,2025-09-19,2025-09-19 14:51:04,603993.SH,S,12.500,100
279,58,2025-09-19,2025-09-19 14:51:02,603993.SH,S,12.500,300
280,59,2025-09-19,2025-09-19 14:51:02,600052.SH,S,5.410,300
281,59,2025-09-19,2025-09-19 14:51:00,600052.SH,S,5.410,100
282,58,2025-09-19,2025-09-19 14:51:00,002323.SZ,S,1.890,1700
283,59,2025-09-19,2025-09-19 14:51:00,600052.SH,S,5.410,100
284,52,2025-09-19,2025-09-19 14:50:23,600331.SH,B,11.410,100
285,59,2025-09-19,2025-09-19 14:50:59,600052.SH,S,5.410,500
286,61,2025-09-19,2025-09-19 14:51:00,002421.SZ,B,3.520,300
287,52,2025-09-19,2025-09-19 14:50:43,600249.SH,S,6.180,1100
288,52,2025-09-19,2025-09-19 14:50:57,600366.SH,B,14.390,100
289,52,2025-09-19,2025-09-19 14:50:57,600366.SH,B,14.390,100
290,61,2025-09-19,2025-09-19 14:50:55,000811.SZ,B,13.750,300
291,59,2025-09-19,2025-09-19 14:50:55,000811.SZ,B,13.750,100
292,59,2025-09-19,2025-09-19 14:50:54,603815.SH,S,12.380,100
293,44,2025-09-19,2025-09-19 14:50:50,605305.SH,S,40.030,100
294,58,2025-09-19,2025-09-19 14:50:50,002256.SZ,S,3.120,800
295,58,2025-09-19,2025-09-19 14:50:50,600249.SH,S,6.180,3200
296,58,2025-09-19,2025-09-19 14:50:50,601975.SH,S,3.230,100
297,52,2025-09-19,2025-09-19 14:50:48,002636.SZ,B,13.040,100
298,60,2025-09-19,2025-09-19 14:50:45,000893.SZ,B,36.610,300
299,62,2025-09-19,2025-09-19 14:50:42,600995.SH,B,11.730,300
300,62,2025-09-19,2025-09-19 14:50:40,600995.SH,B,11.730,400
301,61,2025-09-19,2025-09-19 14:50:40,600052.SH,S,5.410,1500
302,52,2025-09-19,2025-09-19 14:48:53,300057.SZ,B,6.330,100
303,58,2025-09-19,2025-09-19 14:50:30,002426.SZ,S,3.720,100
304,61,2025-09-19,2025-09-19 14:50:28,605319.SH,S,35.080,100
305,59,2025-09-19,2025-09-19 14:50:28,605319.SH,S,35.080,100
306,58,2025-09-19,2025-09-19 14:50:28,603950.SH,S,35.410,100
307,62,2025-09-19,2025-09-19 14:50:26,605305.SH,S,40.010,300
308,62,2025-09-19,2025-09-19 14:50:23,605305.SH,S,40.010,200
309,60,2025-09-19,2025-09-19 14:50:24,601333.SH,B,3.300,1400
310,60,2025-09-19,2025-09-19 14:50:22,000893.SZ,B,36.620,100
311,62,2025-09-19,2025-09-19 14:50:21,600489.SH,S,18.310,700
312,59,2025-09-19,2025-09-19 14:50:20,600226.SH,B,4.140,100
313,59,2025-09-19,2025-09-19 14:50:16,002491.SZ,S,6.010,100
314,61,2025-09-19,2025-09-19 14:50:16,002491.SZ,S,6.010,200
315,52,2025-09-19,2025-09-19 14:50:16,002899.SZ,S,20.820,200
316,60,2025-09-19,2025-09-19 14:50:14,002241.SZ,B,32.780,100
317,62,2025-09-19,2025-09-19 14:50:09,601107.SH,S,5.560,100
318,62,2025-09-19,2025-09-19 14:50:09,601107.SH,S,5.560,300
319,62,2025-09-19,2025-09-19 14:50:09,601107.SH,S,5.560,900
320,62,2025-09-19,2025-09-19 14:50:05,002344.SZ,S,4.770,700
321,61,2025-09-19,2025-09-19 14:50:03,603903.SH,B,10.560,100
322,61,2025-09-19,2025-09-19 14:50:03,603903.SH,B,10.560,100
323,61,2025-09-19,2025-09-19 14:50:03,603903.SH,B,10.560,100
324,62,2025-09-19,2025-09-19 14:50:03,600675.SH,B,3.080,1000
325,52,2025-09-19,2025-09-19 14:49:55,002436.SZ,B,23.710,100
326,52,2025-09-19,2025-09-19 14:49:09,002645.SZ,B,14.770,100
327,61,2025-09-19,2025-09-19 14:49:59,300045.SZ,B,22.300,100
328,61,2025-09-19,2025-09-19 14:49:59,300045.SZ,B,22.300,100
329,61,2025-09-19,2025-09-19 14:49:59,300045.SZ,B,22.300,100
330,60,2025-09-19,2025-09-19 14:49:57,300059.SZ,B,26.570,200
331,62,2025-09-19,2025-09-19 14:49:57,300593.SZ,B,18.900,400
332,60,2025-09-19,2025-09-19 14:49:55,600489.SH,B,18.320,300
333,58,2025-09-19,2025-09-19 14:49:52,002899.SZ,S,20.830,100
334,62,2025-09-19,2025-09-19 14:49:52,605305.SH,S,40.030,200
335,52,2025-09-19,2025-09-19 14:49:46,002244.SZ,S,11.490,100
336,62,2025-09-19,2025-09-19 14:49:51,605305.SH,S,40.030,100
337,44,2025-09-19,2025-09-19 14:49:49,600522.SH,B,16.710,800
338,59,2025-09-19,2025-09-19 14:49:48,002100.SZ,S,7.670,1000
339,52,2025-09-19,2025-09-19 14:49:48,002772.SZ,S,10.040,600
340,62,2025-09-19,2025-09-19 14:49:47,605305.SH,S,40.020,100
341,62,2025-09-19,2025-09-19 14:49:47,605305.SH,S,40.030,100
342,52,2025-09-19,2025-09-19 14:49:46,600880.SH,S,5.010,100
343,52,2025-09-19,2025-09-19 14:49:46,300724.SZ,B,93.440,100
344,60,2025-09-19,2025-09-19 14:49:42,002230.SZ,B,52.870,200
345,60,2025-09-19,2025-09-19 14:49:38,600489.SH,B,18.320,200
346,58,2025-09-19,2025-09-19 14:49:37,603815.SH,S,12.350,100
347,58,2025-09-19,2025-09-19 14:49:37,603815.SH,S,12.360,100
348,60,2025-09-19,2025-09-19 14:49:37,600489.SH,B,18.320,200
349,60,2025-09-19,2025-09-19 14:49:33,601669.SH,B,5.720,995
350,60,2025-09-19,2025-09-19 14:49:33,601669.SH,B,5.720,700
351,60,2025-09-19,2025-09-19 14:49:33,601669.SH,B,5.720,300
352,60,2025-09-19,2025-09-19 14:49:33,601669.SH,B,5.720,1905
353,58,2025-09-19,2025-09-19 14:49:25,601208.SH,S,21.160,100
354,59,2025-09-19,2025-09-19 14:49:22,603088.SH,B,11.190,100
355,60,2025-09-19,2025-09-19 14:49:20,002558.SZ,S,45.400,100
356,61,2025-09-19,2025-09-19 14:49:17,300435.SZ,S,20.080,100
357,61,2025-09-19,2025-09-19 14:49:17,300435.SZ,S,20.080,100
358,52,2025-09-19,2025-09-19 14:49:19,002624.SZ,S,19.420,100
359,59,2025-09-19,2025-09-19 14:49:16,300435.SZ,S,20.080,100
360,59,2025-09-19,2025-09-19 14:49:16,300435.SZ,S,20.080,100
361,59,2025-09-19,2025-09-19 14:49:15,000813.SZ,B,4.360,100
362,61,2025-09-19,2025-09-19 14:49:15,000813.SZ,B,4.360,300
363,52,2025-09-19,2025-09-19 14:49:09,603950.SH,S,35.410,100
364,59,2025-09-19,2025-09-19 14:49:12,002747.SZ,B,25.140,100
365,60,2025-09-19,2025-09-19 14:49:12,300515.SZ,B,20.660,300
366,60,2025-09-19,2025-09-19 14:49:10,600995.SH,B,11.730,300
367,60,2025-09-19,2025-09-19 14:49:09,600995.SH,B,11.730,100
368,60,2025-09-19,2025-09-19 14:49:09,600995.SH,B,11.730,100
369,62,2025-09-19,2025-09-19 14:49:09,601288.SH,B,6.650,1200
370,62,2025-09-19,2025-09-19 14:49:08,600864.SH,B,7.170,3000
371,60,2025-09-19,2025-09-19 14:49:08,300602.SZ,S,33.980,100
372,62,2025-09-19,2025-09-19 14:49:07,300747.SZ,B,27.340,200
373,60,2025-09-19,2025-09-19 14:49:06,601728.SH,S,6.770,1000
374,60,2025-09-19,2025-09-19 14:49:06,601728.SH,S,6.770,800
375,60,2025-09-19,2025-09-19 14:49:06,601728.SH,S,6.770,200
376,58,2025-09-19,2025-09-19 14:49:05,603950.SH,S,35.390,100
377,62,2025-09-19,2025-09-19 14:49:04,600864.SH,B,7.170,100
378,62,2025-09-19,2025-09-19 14:49:04,600864.SH,B,7.170,100
379,60,2025-09-19,2025-09-19 14:49:03,300747.SZ,B,27.340,200
380,44,2025-09-19,2025-09-19 14:49:02,000938.SZ,B,30.180,100
381,62,2025-09-19,2025-09-19 14:49:03,600864.SH,B,7.170,600
382,62,2025-09-19,2025-09-19 14:49:02,002487.SZ,S,43.060,100
383,62,2025-09-19,2025-09-19 14:49:01,600864.SH,B,7.170,200
384,58,2025-09-19,2025-09-19 14:49:01,600156.SH,S,8.680,300
385,60,2025-09-19,2025-09-19 14:48:59,603228.SH,B,72.610,100
386,62,2025-09-19,2025-09-19 14:48:58,600864.SH,B,7.170,1400
387,62,2025-09-19,2025-09-19 14:48:57,600489.SH,S,18.310,200
388,62,2025-09-19,2025-09-19 14:48:57,600489.SH,S,18.310,100
389,59,2025-09-19,2025-09-19 14:48:56,000926.SZ,S,2.800,800
390,61,2025-09-19,2025-09-19 14:48:56,000926.SZ,S,2.800,1900
391,60,2025-09-19,2025-09-19 14:48:56,601668.SH,S,5.570,2000
392,60,2025-09-19,2025-09-19 14:48:56,600713.SH,S,4.970,1000
393,58,2025-09-19,2025-09-19 14:48:52,002248.SZ,B,10.610,400
394,60,2025-09-19,2025-09-19 14:48:52,600183.SH,S,56.210,100
395,52,2025-09-19,2025-09-19 14:48:52,002248.SZ,B,10.610,200
396,62,2025-09-19,2025-09-19 14:48:49,601065.SH,B,8.430,800
397,52,2025-09-19,2025-09-19 14:48:36,300409.SZ,B,24.960,600
398,60,2025-09-19,2025-09-19 14:48:47,601899.SH,S,25.060,400
399,59,2025-09-19,2025-09-19 14:48:46,300045.SZ,B,22.310,100
400,60,2025-09-19,2025-09-19 14:48:44,002271.SZ,S,12.710,100
401,60,2025-09-19,2025-09-19 14:48:44,002271.SZ,S,12.710,100
402,60,2025-09-19,2025-09-19 14:48:44,002271.SZ,S,12.710,300
403,58,2025-09-19,2025-09-19 14:48:44,600239.SH,S,2.670,2600
404,52,2025-09-19,2025-09-19 14:47:13,600239.SH,S,2.670,500
405,61,2025-09-19,2025-09-19 14:48:43,300057.SZ,B,6.340,300
406,60,2025-09-19,2025-09-19 14:48:37,000933.SZ,S,19.380,600
407,44,2025-09-19,2025-09-19 14:48:36,600967.SH,S,19.500,300
408,60,2025-09-19,2025-09-19 14:48:34,000933.SZ,S,19.380,300
409,60,2025-09-19,2025-09-19 14:48:34,000933.SZ,S,19.380,400
410,60,2025-09-19,2025-09-19 14:48:30,000997.SZ,S,27.630,200
411,61,2025-09-19,2025-09-19 14:48:27,603278.SH,S,11.210,400
412,44,2025-09-19,2025-09-19 14:48:30,600452.SH,B,9.470,500
413,52,2025-09-19,2025-09-19 14:48:25,601609.SH,B,11.710,100
414,60,2025-09-19,2025-09-19 14:48:29,002558.SZ,S,45.440,100
415,62,2025-09-19,2025-09-19 14:48:28,600995.SH,B,11.740,300
416,59,2025-09-19,2025-09-19 14:48:27,603278.SH,S,11.210,400
417,62,2025-09-19,2025-09-19 14:48:27,000513.SZ,S,39.370,100
418,62,2025-09-19,2025-09-19 14:48:26,605305.SH,S,40.030,500
419,62,2025-09-19,2025-09-19 14:48:26,605305.SH,S,40.030,100
420,61,2025-09-19,2025-09-19 14:48:25,600151.SH,S,8.290,700
421,60,2025-09-19,2025-09-19 14:48:25,300593.SZ,B,18.930,300
422,59,2025-09-19,2025-09-19 14:48:25,600151.SH,S,8.290,300
423,59,2025-09-19,2025-09-19 14:48:24,300642.SZ,B,24.160,100
424,61,2025-09-19,2025-09-19 14:48:24,300642.SZ,B,24.160,300
425,60,2025-09-19,2025-09-19 14:48:24,000893.SZ,B,36.610,100
426,62,2025-09-19,2025-09-19 14:48:24,605305.SH,S,40.020,100
427,62,2025-09-19,2025-09-19 14:48:23,605305.SH,S,40.020,100
428,62,2025-09-19,2025-09-19 14:48:23,605305.SH,S,40.020,300
429,44,2025-09-19,2025-09-19 14:48:20,600873.SH,S,10.710,300
430,60,2025-09-19,2025-09-19 14:48:22,601319.SH,S,7.790,100
431,60,2025-09-19,2025-09-19 14:48:22,601319.SH,S,7.790,100
432,60,2025-09-19,2025-09-19 14:48:22,601319.SH,S,7.790,100
433,60,2025-09-19,2025-09-19 14:48:22,601319.SH,S,7.790,100
434,60,2025-09-19,2025-09-19 14:48:21,603228.SH,B,72.720,200
435,59,2025-09-19,2025-09-19 14:48:19,002248.SZ,B,10.610,300
436,61,2025-09-19,2025-09-19 14:48:19,002248.SZ,B,10.610,800
437,58,2025-09-19,2025-09-19 14:48:17,001288.SZ,S,26.310,200
438,61,2025-09-19,2025-09-19 14:48:17,001288.SZ,S,26.310,300
439,62,2025-09-19,2025-09-19 14:48:19,603992.SH,S,31.820,100
440,59,2025-09-19,2025-09-19 14:48:17,300819.SZ,B,23.920,100
441,59,2025-09-19,2025-09-19 14:48:17,001288.SZ,S,26.310,200
442,52,2025-09-19,2025-09-19 14:48:17,001288.SZ,S,26.310,100
443,59,2025-09-19,2025-09-19 14:48:14,300068.SZ,B,18.900,100
444,62,2025-09-19,2025-09-19 14:48:12,600864.SH,B,7.180,1200
445,62,2025-09-19,2025-09-19 14:48:12,600864.SH,B,7.180,200
446,60,2025-09-19,2025-09-19 14:48:07,605305.SH,S,40.010,300
447,62,2025-09-19,2025-09-19 14:48:08,605305.SH,S,40.020,100
448,60,2025-09-19,2025-09-19 14:48:07,605305.SH,S,40.010,100
449,60,2025-09-19,2025-09-19 14:48:06,603920.SH,S,47.200,100
450,62,2025-09-19,2025-09-19 14:48:04,002521.SZ,S,9.190,500
451,62,2025-09-19,2025-09-19 14:48:03,600163.SH,B,5.210,2600
452,44,2025-09-19,2025-09-19 14:48:01,300054.SZ,B,33.180,100
453,59,2025-09-19,2025-09-19 14:48:00,002256.SZ,S,3.120,600
454,62,2025-09-19,2025-09-19 14:48:01,605305.SH,S,40.020,200
455,62,2025-09-19,2025-09-19 14:48:01,605305.SH,S,40.020,200
456,61,2025-09-19,2025-09-19 14:48:00,002256.SZ,S,3.120,800
457,44,2025-09-19,2025-09-19 14:47:58,600062.SH,S,18.880,200
458,62,2025-09-19,2025-09-19 14:47:57,600995.SH,B,11.730,100
459,62,2025-09-19,2025-09-19 14:47:57,600995.SH,B,11.730,200
460,62,2025-09-19,2025-09-19 14:47:57,600995.SH,B,11.730,200
461,44,2025-09-19,2025-09-19 14:47:54,603920.SH,S,47.210,100
462,60,2025-09-19,2025-09-19 14:47:56,601717.SH,B,24.270,1800
463,60,2025-09-19,2025-09-19 14:47:53,601988.SH,S,5.270,600
464,44,2025-09-19,2025-09-19 14:47:52,000603.SZ,B,20.280,200
465,58,2025-09-19,2025-09-19 14:47:52,002527.SZ,S,19.860,200
466,62,2025-09-19,2025-09-19 14:47:52,601988.SH,S,5.270,500
467,62,2025-09-19,2025-09-19 14:47:52,601988.SH,S,5.270,100
468,52,2025-09-19,2025-09-19 14:47:51,002527.SZ,S,19.860,100
469,60,2025-09-19,2025-09-19 14:47:49,002487.SZ,B,43.010,100
470,62,2025-09-19,2025-09-19 14:47:46,600864.SH,B,7.180,2000
471,60,2025-09-19,2025-09-19 14:47:45,603993.SH,B,12.520,1500
472,60,2025-09-19,2025-09-19 14:47:45,300761.SZ,S,22.720,100
473,60,2025-09-19,2025-09-19 14:47:44,300761.SZ,S,22.720,200
474,62,2025-09-19,2025-09-19 14:47:44,002463.SZ,S,76.000,90
475,62,2025-09-19,2025-09-19 14:47:44,002463.SZ,S,76.000,10
476,62,2025-09-19,2025-09-19 14:47:43,600864.SH,B,7.180,2000
477,61,2025-09-19,2025-09-19 14:47:41,300121.SZ,S,15.770,100
478,58,2025-09-19,2025-09-19 14:47:40,300747.SZ,S,27.380,100
479,58,2025-09-19,2025-09-19 14:47:38,603285.SH,S,26.610,200
480,60,2025-09-19,2025-09-19 14:47:38,600938.SH,S,26.400,1300
481,62,2025-09-19,2025-09-19 14:47:36,002746.SZ,S,6.290,2700
482,60,2025-09-19,2025-09-19 14:47:34,600482.SH,S,21.500,200
483,61,2025-09-19,2025-09-19 14:47:32,600503.SH,B,3.570,300
484,59,2025-09-19,2025-09-19 14:47:32,600503.SH,B,3.570,100
485,61,2025-09-19,2025-09-19 14:47:29,002378.SZ,B,12.470,300
486,52,2025-09-19,2025-09-19 14:47:25,002140.SZ,B,11.170,100
487,61,2025-09-19,2025-09-19 14:47:22,600026.SH,B,12.790,200
488,61,2025-09-19,2025-09-19 14:47:22,600026.SH,B,12.790,100
489,59,2025-09-19,2025-09-19 14:47:21,000927.SZ,S,2.750,100
490,61,2025-09-19,2025-09-19 14:47:20,002622.SZ,B,4.120,300
491,59,2025-09-19,2025-09-19 14:47:20,002622.SZ,B,4.120,100
492,58,2025-09-19,2025-09-19 14:47:09,002354.SZ,B,7.210,400
493,52,2025-09-19,2025-09-19 14:46:19,002354.SZ,B,7.210,1000
494,52,2025-09-19,2025-09-19 14:46:19,000659.SZ,B,2.890,100
495,52,2025-09-19,2025-09-19 14:47:08,603506.SH,S,14.270,100
496,60,2025-09-19,2025-09-19 14:46:55,000915.SZ,B,32.210,100
497,58,2025-09-19,2025-09-19 14:46:55,000727.SZ,S,2.790,100
498,60,2025-09-19,2025-09-19 14:46:54,002463.SZ,S,75.940,200
499,60,2025-09-19,2025-09-19 14:46:54,002463.SZ,S,75.940,100
500,60,2025-09-19,2025-09-19 14:46:54,002463.SZ,S,75.940,600
501,59,2025-09-19,2025-09-19 14:46:50,601872.SH,B,8.880,100
502,61,2025-09-19,2025-09-19 14:46:46,600721.SH,B,9.620,300
503,61,2025-09-19,2025-09-19 14:46:41,002611.SZ,S,17.700,100
504,58,2025-09-19,2025-09-19 14:46:41,002611.SZ,S,17.700,300
505,62,2025-09-19,2025-09-19 14:46:39,600339.SH,B,3.500,1300
506,62,2025-09-19,2025-09-19 14:46:39,600339.SH,B,3.500,2000
507,52,2025-09-19,2025-09-19 14:46:22,601515.SH,S,4.670,100
508,61,2025-09-19,2025-09-19 14:46:37,000753.SZ,S,7.390,400
509,52,2025-09-19,2025-09-19 14:46:19,002622.SZ,S,4.130,100
510,61,2025-09-19,2025-09-19 14:46:32,600156.SH,S,8.680,100
511,59,2025-09-19,2025-09-19 14:46:32,600156.SH,S,8.680,100
512,59,2025-09-19,2025-09-19 14:46:29,002899.SZ,S,20.840,100
513,61,2025-09-19,2025-09-19 14:46:29,002899.SZ,S,20.840,100
514,59,2025-09-19,2025-09-19 14:46:27,600176.SH,S,15.630,100
515,61,2025-09-19,2025-09-19 14:46:27,600176.SH,S,15.630,200
516,58,2025-09-19,2025-09-19 14:46:24,000926.SZ,S,2.800,2100
517,58,2025-09-19,2025-09-19 14:46:23,603506.SH,S,14.270,300
518,52,2025-09-19,2025-09-19 14:46:19,002491.SZ,S,6.010,100
519,59,2025-09-19,2025-09-19 14:46:23,600239.SH,S,2.660,900
520,59,2025-09-19,2025-09-19 14:46:22,000753.SZ,S,7.400,100
521,52,2025-09-19,2025-09-19 14:46:20,600226.SH,B,4.150,100
522,52,2025-09-19,2025-09-19 14:46:19,300213.SZ,B,10.670,100
523,52,2025-09-19,2025-09-19 14:46:19,000926.SZ,S,2.800,600
524,52,2025-09-19,2025-09-19 14:46:19,002590.SZ,B,15.150,100
525,58,2025-09-19,2025-09-19 14:46:19,300328.SZ,S,18.710,100
526,58,2025-09-19,2025-09-19 14:46:18,002491.SZ,S,6.010,300
527,61,2025-09-19,2025-09-19 14:46:19,600239.SH,S,2.660,2000
528,61,2025-09-19,2025-09-19 14:46:18,600751.SH,B,4.660,300
529,60,2025-09-19,2025-09-19 14:46:17,600699.SH,S,36.930,200
530,62,2025-09-19,2025-09-19 14:45:57,603113.SH,S,6.910,1100
531,59,2025-09-19,2025-09-19 14:43:53,601975.SH,B,3.220,100
532,62,2025-09-19,2025-09-19 14:43:45,600864.SH,B,7.180,2200
533,62,2025-09-19,2025-09-19 14:43:38,601128.SH,S,7.050,1600
534,58,2025-09-19,2025-09-19 14:43:30,600221.SH,B,1.670,200
535,60,2025-09-19,2025-09-19 14:43:28,300476.SZ,B,319.580,100
536,61,2025-09-19,2025-09-19 14:43:16,600052.SH,S,5.410,1100
537,61,2025-09-19,2025-09-19 14:43:13,002323.SZ,B,1.890,2200
538,61,2025-09-19,2025-09-19 14:43:13,301077.SZ,S,27.710,300
539,61,2025-09-19,2025-09-19 14:43:13,600052.SH,S,5.410,1700
540,61,2025-09-19,2025-09-19 14:43:06,300121.SZ,B,15.780,300
541,61,2025-09-19,2025-09-19 14:43:06,002454.SZ,B,8.660,200
542,58,2025-09-19,2025-09-19 14:43:05,002611.SZ,B,17.730,1800
543,61,2025-09-19,2025-09-19 14:43:05,002611.SZ,B,17.730,1100
544,61,2025-09-19,2025-09-19 14:43:04,002436.SZ,B,23.750,200
545,58,2025-09-19,2025-09-19 14:43:04,605319.SH,S,35.070,300
546,44,2025-09-19,2025-09-19 14:43:03,300122.SZ,S,21.910,300
547,58,2025-09-19,2025-09-19 14:43:00,301069.SZ,B,22.310,300
548,58,2025-09-19,2025-09-19 14:43:02,002317.SZ,B,19.750,200
549,58,2025-09-19,2025-09-19 14:43:00,002436.SZ,B,23.740,200
550,61,2025-09-19,2025-09-19 14:43:00,002664.SZ,B,30.590,100
551,61,2025-09-19,2025-09-19 14:43:00,002747.SZ,B,25.230,200
552,61,2025-09-19,2025-09-19 14:43:00,002664.SZ,B,30.590,100
553,60,2025-09-19,2025-09-19 14:43:00,000791.SZ,S,6.380,300
554,61,2025-09-19,2025-09-19 14:43:00,002664.SZ,B,30.590,300
555,60,2025-09-19,2025-09-19 14:43:00,000791.SZ,S,6.380,400
556,59,2025-09-19,2025-09-19 14:43:00,002664.SZ,B,30.590,100
557,59,2025-09-19,2025-09-19 14:43:00,002664.SZ,B,30.580,100
558,52,2025-09-19,2025-09-19 14:43:00,301069.SZ,B,22.310,200
559,60,2025-09-19,2025-09-19 14:42:59,603920.SH,S,47.270,300
560,58,2025-09-19,2025-09-19 14:42:58,603036.SH,S,21.310,200
561,58,2025-09-19,2025-09-19 14:42:57,603600.SH,S,11.340,600
562,58,2025-09-19,2025-09-19 14:42:57,603600.SH,S,11.340,500
563,58,2025-09-19,2025-09-19 14:42:57,603600.SH,S,11.350,400
564,61,2025-09-19,2025-09-19 14:42:57,601609.SH,B,11.740,1400
565,59,2025-09-19,2025-09-19 14:42:58,603717.SH,B,9.020,100
566,59,2025-09-19,2025-09-19 14:42:57,601609.SH,B,11.740,600
567,61,2025-09-19,2025-09-19 14:42:55,603500.SH,S,11.290,700
568,61,2025-09-19,2025-09-19 14:42:54,603657.SH,S,37.300,200
569,59,2025-09-19,2025-09-19 14:42:54,603657.SH,S,37.300,100
570,58,2025-09-19,2025-09-19 14:42:53,300575.SZ,B,6.730,200
571,62,2025-09-19,2025-09-19 14:42:53,600675.SH,B,3.050,1000
572,60,2025-09-19,2025-09-19 14:42:52,600183.SH,S,56.350,100
573,60,2025-09-19,2025-09-19 14:42:52,600183.SH,S,56.350,100
574,60,2025-09-19,2025-09-19 14:42:52,600183.SH,S,56.350,100
575,62,2025-09-19,2025-09-19 14:42:50,300593.SZ,B,18.950,100
576,62,2025-09-19,2025-09-19 14:42:50,300593.SZ,B,18.950,100
577,62,2025-09-19,2025-09-19 14:42:50,300593.SZ,B,18.950,100
578,62,2025-09-19,2025-09-19 14:42:50,300593.SZ,B,18.950,100
579,62,2025-09-19,2025-09-19 14:42:50,300593.SZ,B,18.950,200
580,62,2025-09-19,2025-09-19 14:42:50,300593.SZ,B,18.950,100
581,62,2025-09-19,2025-09-19 14:42:50,300593.SZ,B,18.950,100
582,62,2025-09-19,2025-09-19 14:42:50,300593.SZ,B,18.950,100
583,62,2025-09-19,2025-09-19 14:42:50,300593.SZ,B,18.950,100
584,62,2025-09-19,2025-09-19 14:42:50,300593.SZ,B,18.950,200
585,62,2025-09-19,2025-09-19 14:42:50,300593.SZ,B,18.950,100
586,62,2025-09-19,2025-09-19 14:42:50,300593.SZ,B,18.950,100
587,62,2025-09-19,2025-09-19 14:42:50,300593.SZ,B,18.950,100
588,62,2025-09-19,2025-09-19 14:42:50,300593.SZ,B,18.950,100
589,62,2025-09-19,2025-09-19 14:42:50,300593.SZ,B,18.950,100
590,62,2025-09-19,2025-09-19 14:42:50,300593.SZ,B,18.950,100
591,62,2025-09-19,2025-09-19 14:42:50,300593.SZ,B,18.950,100
592,62,2025-09-19,2025-09-19 14:42:50,300593.SZ,B,18.950,100
593,62,2025-09-19,2025-09-19 14:42:50,300593.SZ,B,18.950,100
594,62,2025-09-19,2025-09-19 14:42:50,300593.SZ,B,18.950,100
595,62,2025-09-19,2025-09-19 14:42:50,002258.SZ,S,12.140,400
596,62,2025-09-19,2025-09-19 14:42:50,002258.SZ,S,12.140,1200
597,61,2025-09-19,2025-09-19 14:42:48,002182.SZ,B,15.470,500
598,61,2025-09-19,2025-09-19 14:42:48,002182.SZ,B,15.470,2900
599,44,2025-09-19,2025-09-19 14:42:50,002258.SZ,S,12.140,300
600,59,2025-09-19,2025-09-19 14:42:48,002182.SZ,B,15.470,600
601,52,2025-09-19,2025-09-19 14:42:48,600785.SH,B,13.740,100
602,62,2025-09-19,2025-09-19 14:42:47,605168.SH,S,31.000,100
603,62,2025-09-19,2025-09-19 14:42:47,601901.SH,S,8.140,2000
604,52,2025-09-19,2025-09-19 14:42:44,300737.SZ,S,5.120,100
605,58,2025-09-19,2025-09-19 14:42:42,601899.SH,S,25.070,200
606,62,2025-09-19,2025-09-19 14:42:42,000089.SZ,S,7.080,2300
607,59,2025-09-19,2025-09-19 14:42:31,002354.SZ,B,7.200,1700
608,61,2025-09-19,2025-09-19 14:42:31,002354.SZ,B,7.200,3400
609,61,2025-09-19,2025-09-19 14:42:28,600226.SH,S,4.140,3700
610,60,2025-09-19,2025-09-19 14:42:27,002158.SZ,S,28.350,200
611,59,2025-09-19,2025-09-19 14:42:28,600226.SH,S,4.140,1500
612,52,2025-09-19,2025-09-19 14:42:16,002611.SZ,B,17.730,300
613,61,2025-09-19,2025-09-19 14:42:13,002491.SZ,S,6.010,400
614,61,2025-09-19,2025-09-19 14:42:13,002491.SZ,S,6.010,100
615,61,2025-09-19,2025-09-19 14:42:13,002491.SZ,S,6.010,100
616,59,2025-09-19,2025-09-19 14:42:13,002491.SZ,S,6.010,200
617,61,2025-09-19,2025-09-19 14:42:10,300328.SZ,B,18.730,2600
618,58,2025-09-19,2025-09-19 14:42:11,600063.SH,B,5.790,200
619,59,2025-09-19,2025-09-19 14:42:10,300328.SZ,B,18.730,1400
620,61,2025-09-19,2025-09-19 14:42:09,002915.SZ,B,27.510,200
621,61,2025-09-19,2025-09-19 14:42:08,603936.SH,B,14.060,200
622,61,2025-09-19,2025-09-19 14:42:07,601212.SH,B,3.640,200
623,59,2025-09-19,2025-09-19 14:42:07,603936.SH,B,14.060,100
624,59,2025-09-19,2025-09-19 14:42:06,002915.SZ,B,27.510,100
625,61,2025-09-19,2025-09-19 14:42:04,600433.SH,B,3.260,200
626,59,2025-09-19,2025-09-19 14:42:04,600433.SH,B,3.260,100
627,59,2025-09-19,2025-09-19 14:42:01,000657.SZ,B,18.070,100
628,58,2025-09-19,2025-09-19 14:41:57,002664.SZ,B,30.610,400
629,58,2025-09-19,2025-09-19 14:41:57,002664.SZ,B,30.610,100
630,52,2025-09-19,2025-09-19 14:41:57,002664.SZ,B,30.610,200
631,58,2025-09-19,2025-09-19 14:41:52,300043.SZ,S,7.000,100
632,58,2025-09-19,2025-09-19 14:41:52,300043.SZ,S,7.000,800
633,58,2025-09-19,2025-09-19 14:41:52,300043.SZ,S,7.000,700
634,58,2025-09-19,2025-09-19 14:41:52,300043.SZ,S,7.000,200
635,59,2025-09-19,2025-09-19 14:41:53,002357.SZ,B,10.510,100
636,52,2025-09-19,2025-09-19 14:41:49,300731.SZ,S,48.560,100
637,52,2025-09-19,2025-09-19 14:41:43,603600.SH,S,11.350,200
638,44,2025-09-19,2025-09-19 14:41:35,605296.SH,S,31.860,100
639,61,2025-09-19,2025-09-19 14:41:35,601899.SH,S,25.080,400
640,59,2025-09-19,2025-09-19 14:41:35,601899.SH,S,25.080,200
641,58,2025-09-19,2025-09-19 14:41:31,603600.SH,S,11.350,300
642,59,2025-09-19,2025-09-19 14:41:31,600210.SH,B,7.440,100
643,52,2025-09-19,2025-09-19 14:41:30,600489.SH,S,18.320,100
644,52,2025-09-19,2025-09-19 14:41:29,601311.SH,S,10.960,100
645,62,2025-09-19,2025-09-19 14:41:28,600025.SH,B,9.190,400
646,58,2025-09-19,2025-09-19 14:41:27,002445.SZ,B,2.730,500
647,61,2025-09-19,2025-09-19 14:41:25,002100.SZ,S,7.660,600
648,58,2025-09-19,2025-09-19 14:41:25,002100.SZ,S,7.660,600
649,61,2025-09-19,2025-09-19 14:41:24,300925.SZ,S,26.730,200
650,61,2025-09-19,2025-09-19 14:41:23,002565.SZ,S,7.360,2300
651,61,2025-09-19,2025-09-19 14:41:21,300925.SZ,S,26.730,100
652,59,2025-09-19,2025-09-19 14:41:21,300925.SZ,S,26.730,100
653,59,2025-09-19,2025-09-19 14:41:14,300253.SZ,B,9.100,100
654,59,2025-09-19,2025-09-19 14:41:09,002021.SZ,B,2.780,100
655,59,2025-09-19,2025-09-19 14:41:09,002558.SZ,B,45.570,100
656,61,2025-09-19,2025-09-19 14:41:09,002558.SZ,B,45.570,200
657,58,2025-09-19,2025-09-19 14:41:05,300328.SZ,B,18.740,500
658,58,2025-09-19,2025-09-19 14:41:05,300328.SZ,B,18.740,200
659,58,2025-09-19,2025-09-19 14:41:05,300328.SZ,B,18.740,1000
660,59,2025-09-19,2025-09-19 14:41:05,300593.SZ,S,18.990,100
661,61,2025-09-19,2025-09-19 14:41:05,300593.SZ,S,18.990,100
662,60,2025-09-19,2025-09-19 14:41:00,000791.SZ,S,6.380,500
663,60,2025-09-19,2025-09-19 14:40:57,000791.SZ,S,6.380,500
664,59,2025-09-19,2025-09-19 14:40:52,002174.SZ,B,12.170,100
665,58,2025-09-19,2025-09-19 14:40:51,002426.SZ,B,3.730,500
666,52,2025-09-19,2025-09-19 14:32:00,002426.SZ,B,3.730,100
667,58,2025-09-19,2025-09-19 14:40:45,603993.SH,S,12.530,300
668,61,2025-09-19,2025-09-19 14:40:46,300158.SZ,S,7.380,300
669,61,2025-09-19,2025-09-19 14:40:46,300158.SZ,S,7.380,100
670,61,2025-09-19,2025-09-19 14:40:46,300158.SZ,S,7.380,600
671,58,2025-09-19,2025-09-19 14:40:43,300328.SZ,B,18.750,200
672,59,2025-09-19,2025-09-19 14:40:41,301077.SZ,S,27.750,200
673,58,2025-09-19,2025-09-19 14:40:37,605319.SH,S,35.200,100
674,52,2025-09-19,2025-09-19 14:39:42,605319.SH,S,35.200,100
675,58,2025-09-19,2025-09-19 14:40:36,002642.SZ,B,9.850,200
676,52,2025-09-19,2025-09-19 14:39:16,300153.SZ,B,37.470,100
677,58,2025-09-19,2025-09-19 14:40:29,603717.SH,B,9.020,200
678,60,2025-09-19,2025-09-19 14:40:25,601333.SH,B,3.310,1000
679,58,2025-09-19,2025-09-19 14:40:23,300328.SZ,B,18.750,1600
680,61,2025-09-19,2025-09-19 14:40:21,603993.SH,S,12.530,800
681,59,2025-09-19,2025-09-19 14:40:21,603993.SH,S,12.530,300
682,61,2025-09-19,2025-09-19 14:40:20,603036.SH,S,21.310,200
683,62,2025-09-19,2025-09-19 14:40:17,600335.SH,S,6.260,1200
684,62,2025-09-19,2025-09-19 14:40:17,603358.SH,B,43.300,100
685,62,2025-09-19,2025-09-19 14:40:17,600335.SH,S,6.260,100
686,62,2025-09-19,2025-09-19 14:40:17,600335.SH,S,6.260,100
687,61,2025-09-19,2025-09-19 14:40:16,300395.SZ,B,83.890,100
688,61,2025-09-19,2025-09-19 14:40:16,300395.SZ,B,83.890,100
689,58,2025-09-19,2025-09-19 14:40:15,600052.SH,S,5.410,2500
690,58,2025-09-19,2025-09-19 14:40:15,601609.SH,B,11.740,400
691,52,2025-09-19,2025-09-19 14:40:15,600052.SH,S,5.410,700
692,61,2025-09-19,2025-09-19 14:40:10,600649.SH,S,4.830,100
693,58,2025-09-19,2025-09-19 14:40:04,600052.SH,S,5.410,2900
694,52,2025-09-19,2025-09-19 14:39:41,600176.SH,S,15.640,200
695,52,2025-09-19,2025-09-19 14:40:04,600052.SH,S,5.410,800
696,61,2025-09-19,2025-09-19 14:40:03,002527.SZ,S,19.950,100
697,52,2025-09-19,2025-09-19 14:40:00,002516.SZ,B,6.190,100
698,61,2025-09-19,2025-09-19 14:39:59,603815.SH,S,12.410,300
699,59,2025-09-19,2025-09-19 14:39:59,603815.SH,S,12.410,200
700,58,2025-09-19,2025-09-19 14:39:56,601208.SH,S,21.200,300
701,58,2025-09-19,2025-09-19 14:39:56,002516.SZ,B,6.190,200
702,61,2025-09-19,2025-09-19 14:39:55,000887.SZ,B,24.060,200
703,59,2025-09-19,2025-09-19 14:39:55,000887.SZ,B,24.060,100
704,61,2025-09-19,2025-09-19 14:39:52,603500.SH,S,11.300,300
705,61,2025-09-19,2025-09-19 14:39:52,603500.SH,S,11.300,100
706,61,2025-09-19,2025-09-19 14:39:47,002664.SZ,B,30.630,100
707,58,2025-09-19,2025-09-19 14:39:46,003040.SZ,B,21.580,300
708,62,2025-09-19,2025-09-19 14:39:45,600025.SH,B,9.180,100
709,62,2025-09-19,2025-09-19 14:39:45,600025.SH,B,9.180,100
710,62,2025-09-19,2025-09-19 14:39:45,600025.SH,B,9.180,200
711,58,2025-09-19,2025-09-19 14:39:42,603993.SH,S,12.520,300
712,58,2025-09-19,2025-09-19 14:39:40,600176.SH,S,15.630,600
713,61,2025-09-19,2025-09-19 14:39:40,300747.SZ,S,27.410,200
714,58,2025-09-19,2025-09-19 14:39:39,603036.SH,S,21.330,300
715,61,2025-09-19,2025-09-19 14:39:39,601208.SH,S,21.210,600
716,61,2025-09-19,2025-09-19 14:39:38,605028.SH,B,26.470,200
717,59,2025-09-19,2025-09-19 14:39:39,601208.SH,S,21.210,300
718,58,2025-09-19,2025-09-19 14:39:37,000757.SZ,B,5.450,200
719,60,2025-09-19,2025-09-19 14:39:33,000807.SZ,S,20.080,900
720,59,2025-09-19,2025-09-19 14:39:30,605028.SH,B,26.470,100
721,61,2025-09-19,2025-09-19 14:39:28,003040.SZ,B,21.590,400
722,59,2025-09-19,2025-09-19 14:39:28,003040.SZ,B,21.590,100
723,58,2025-09-19,2025-09-19 14:39:26,003040.SZ,B,21.590,200
724,61,2025-09-19,2025-09-19 14:39:23,301226.SZ,B,34.620,200
725,59,2025-09-19,2025-09-19 14:39:23,301226.SZ,B,34.620,100
726,59,2025-09-19,2025-09-19 14:39:20,688108.SH,B,28.330,389
727,59,2025-09-19,2025-09-19 14:39:20,688108.SH,B,28.330,371
728,58,2025-09-19,2025-09-19 14:39:20,002403.SZ,B,15.430,200
729,58,2025-09-19,2025-09-19 14:39:20,600151.SH,S,8.300,400
730,58,2025-09-19,2025-09-19 14:39:20,600151.SH,S,8.300,300
731,58,2025-09-19,2025-09-19 14:39:19,002045.SZ,B,16.110,300
732,58,2025-09-19,2025-09-19 14:39:18,003021.SZ,B,137.710,200
733,61,2025-09-19,2025-09-19 14:39:16,300609.SZ,B,42.950,200
734,52,2025-09-19,2025-09-19 14:39:16,603986.SH,B,186.250,100
735,58,2025-09-19,2025-09-19 14:39:16,603266.SH,B,24.780,200
736,58,2025-09-19,2025-09-19 14:39:16,002706.SZ,B,11.560,100
737,58,2025-09-19,2025-09-19 14:39:16,002706.SZ,B,11.560,100
738,59,2025-09-19,2025-09-19 14:39:15,300609.SZ,B,42.950,100
739,61,2025-09-19,2025-09-19 14:39:15,300276.SZ,S,11.100,100
740,58,2025-09-19,2025-09-19 14:39:11,002454.SZ,B,8.670,200
741,58,2025-09-19,2025-09-19 14:39:10,002858.SZ,B,15.570,100
742,61,2025-09-19,2025-09-19 14:39:10,300337.SZ,B,10.550,200
743,52,2025-09-19,2025-09-19 14:39:05,600397.SH,S,7.290,100
744,61,2025-09-19,2025-09-19 14:39:03,300121.SZ,B,15.750,200
745,58,2025-09-19,2025-09-19 14:39:02,002772.SZ,B,10.070,200
746,58,2025-09-19,2025-09-19 14:38:58,603809.SH,B,15.680,200
747,44,2025-09-19,2025-09-19 14:38:58,000893.SZ,B,36.300,100
748,58,2025-09-19,2025-09-19 14:38:57,002858.SZ,B,15.570,100
749,52,2025-09-19,2025-09-19 14:38:53,301077.SZ,S,27.780,92
750,52,2025-09-19,2025-09-19 14:38:53,301077.SZ,S,27.780,8
751,52,2025-09-19,2025-09-19 14:36:49,605028.SH,B,26.460,100
752,60,2025-09-19,2025-09-19 14:38:40,300413.SZ,S,33.060,100
753,61,2025-09-19,2025-09-19 14:38:39,002565.SZ,S,7.390,5400
754,59,2025-09-19,2025-09-19 14:38:39,002565.SZ,S,7.390,3200
755,58,2025-09-19,2025-09-19 14:38:37,002565.SZ,S,7.380,2800
756,52,2025-09-19,2025-09-19 14:38:37,002565.SZ,S,7.380,700
757,61,2025-09-19,2025-09-19 14:38:37,002664.SZ,B,30.600,100
758,52,2025-09-19,2025-09-19 14:37:35,300243.SZ,B,11.130,100
759,52,2025-09-19,2025-09-19 14:37:41,300121.SZ,B,15.760,100
760,52,2025-09-19,2025-09-19 14:38:29,603328.SH,S,12.130,100
761,61,2025-09-19,2025-09-19 14:38:27,002246.SZ,S,17.120,100
762,52,2025-09-19,2025-09-19 14:38:10,600521.SH,B,22.940,100
763,61,2025-09-19,2025-09-19 14:38:07,600397.SH,S,7.290,100
764,59,2025-09-19,2025-09-19 14:38:07,600397.SH,S,7.290,100
765,52,2025-09-19,2025-09-19 14:38:03,600151.SH,S,8.300,200
766,52,2025-09-19,2025-09-19 14:38:02,002555.SZ,S,23.640,100
767,60,2025-09-19,2025-09-19 14:38:01,600741.SH,B,20.120,700
768,60,2025-09-19,2025-09-19 14:38:01,600741.SH,B,20.120,300
769,58,2025-09-19,2025-09-19 14:37:58,000935.SZ,S,20.360,100
770,58,2025-09-19,2025-09-19 14:37:55,603500.SH,S,11.310,1400
771,58,2025-09-19,2025-09-19 14:37:50,300328.SZ,B,18.760,400
772,59,2025-09-19,2025-09-19 14:37:50,301069.SZ,B,22.340,100
773,58,2025-09-19,2025-09-19 14:37:47,002256.SZ,B,3.120,5100
774,58,2025-09-19,2025-09-19 14:37:46,301069.SZ,B,22.340,200
775,52,2025-09-19,2025-09-19 14:31:22,002256.SZ,B,3.120,600
776,61,2025-09-19,2025-09-19 14:37:46,301069.SZ,B,22.340,400
777,58,2025-09-19,2025-09-19 14:37:43,300121.SZ,B,15.780,800
778,61,2025-09-19,2025-09-19 14:37:44,300043.SZ,S,7.010,600
779,59,2025-09-19,2025-09-19 14:37:43,300575.SZ,B,6.720,100
780,58,2025-09-19,2025-09-19 14:37:39,603500.SH,S,11.310,100
781,52,2025-09-19,2025-09-19 14:37:39,300609.SZ,B,42.970,100
782,58,2025-09-19,2025-09-19 14:37:38,300337.SZ,B,10.560,100
783,58,2025-09-19,2025-09-19 14:37:37,300337.SZ,B,10.560,100
784,58,2025-09-19,2025-09-19 14:37:36,000887.SZ,B,24.090,200
785,58,2025-09-19,2025-09-19 14:37:36,000887.SZ,B,24.090,300
786,61,2025-09-19,2025-09-19 14:37:36,301076.SZ,B,56.100,200
787,60,2025-09-19,2025-09-19 14:37:29,600998.SH,S,5.000,100
788,61,2025-09-19,2025-09-19 14:37:27,300121.SZ,B,15.770,200
789,59,2025-09-19,2025-09-19 14:37:27,300121.SZ,B,15.770,400
790,60,2025-09-19,2025-09-19 14:37:27,600998.SH,S,5.000,600
791,60,2025-09-19,2025-09-19 14:37:22,600998.SH,S,5.000,100
792,52,2025-09-19,2025-09-19 14:35:04,002622.SZ,B,4.100,100
793,58,2025-09-19,2025-09-19 14:37:07,600210.SH,B,7.440,200
794,58,2025-09-19,2025-09-19 14:36:59,601609.SH,B,11.740,1100
795,58,2025-09-19,2025-09-19 14:36:59,601609.SH,B,11.740,300
796,52,2025-09-19,2025-09-19 14:36:57,603500.SH,S,11.310,500
797,59,2025-09-19,2025-09-19 14:36:52,002140.SZ,B,11.210,100
798,59,2025-09-19,2025-09-19 14:36:47,300581.SZ,B,17.100,100
799,58,2025-09-19,2025-09-19 14:36:46,301077.SZ,S,27.780,400
800,58,2025-09-19,2025-09-19 14:36:46,301077.SZ,S,27.750,400
801,60,2025-09-19,2025-09-19 14:36:45,603486.SH,S,105.760,100
802,52,2025-09-19,2025-09-19 14:36:42,603596.SH,S,52.070,100
803,52,2025-09-19,2025-09-19 14:35:40,300043.SZ,S,7.010,400
804,58,2025-09-19,2025-09-19 14:36:40,603098.SH,B,14.790,200
805,52,2025-09-19,2025-09-19 14:36:40,003040.SZ,B,21.600,100
806,60,2025-09-19,2025-09-19 14:36:39,600522.SH,B,16.700,200
807,60,2025-09-19,2025-09-19 14:36:39,600522.SH,B,16.700,100
808,52,2025-09-19,2025-09-19 14:35:04,300158.SZ,S,7.380,100
809,62,2025-09-19,2025-09-19 14:36:38,600928.SH,B,4.030,900
810,59,2025-09-19,2025-09-19 14:36:34,000534.SZ,B,15.590,100
811,59,2025-09-19,2025-09-19 14:36:24,002706.SZ,B,11.560,100
812,52,2025-09-19,2025-09-19 14:36:14,600331.SH,S,11.450,100
813,61,2025-09-19,2025-09-19 14:36:18,603036.SH,S,21.190,200
814,61,2025-09-19,2025-09-19 14:36:17,603036.SH,S,21.190,100
815,52,2025-09-19,2025-09-19 14:36:16,000887.SZ,B,24.070,100
816,59,2025-09-19,2025-09-19 14:36:13,002323.SZ,B,1.880,1000
817,44,2025-09-19,2025-09-19 14:36:12,002378.SZ,B,12.460,500
818,58,2025-09-19,2025-09-19 14:36:11,002378.SZ,B,12.460,200
819,61,2025-09-19,2025-09-19 14:36:09,603036.SH,S,21.190,200
820,59,2025-09-19,2025-09-19 14:36:09,603036.SH,S,21.190,300
821,52,2025-09-19,2025-09-19 14:34:27,002520.SZ,B,6.960,100
822,58,2025-09-19,2025-09-19 14:36:09,002354.SZ,B,7.210,1800
823,58,2025-09-19,2025-09-19 14:36:08,002506.SZ,B,2.630,200
824,58,2025-09-19,2025-09-19 14:36:03,688388.SH,B,32.130,797
825,58,2025-09-19,2025-09-19 14:36:02,603328.SH,S,12.130,500
826,58,2025-09-19,2025-09-19 14:36:02,603328.SH,S,12.130,200
827,58,2025-09-19,2025-09-19 14:36:02,603328.SH,S,12.130,200
828,61,2025-09-19,2025-09-19 14:35:59,300737.SZ,S,5.120,100
829,58,2025-09-19,2025-09-19 14:35:58,002323.SZ,B,1.880,1000
830,58,2025-09-19,2025-09-19 14:35:58,002323.SZ,B,1.880,600
831,58,2025-09-19,2025-09-19 14:35:58,002323.SZ,B,1.880,100
832,58,2025-09-19,2025-09-19 14:35:58,002323.SZ,B,1.880,2000
833,52,2025-09-19,2025-09-19 14:31:20,002323.SZ,B,1.880,400
834,61,2025-09-19,2025-09-19 14:35:56,603600.SH,S,11.370,1000
835,61,2025-09-19,2025-09-19 14:35:56,603600.SH,S,11.370,300
836,61,2025-09-19,2025-09-19 14:35:56,603600.SH,S,11.370,300
837,59,2025-09-19,2025-09-19 14:35:56,603600.SH,S,11.370,600
838,58,2025-09-19,2025-09-19 14:35:54,600239.SH,S,2.650,1200
839,59,2025-09-19,2025-09-19 14:35:52,300258.SZ,S,15.980,100
840,59,2025-09-19,2025-09-19 14:35:49,000965.SZ,B,4.270,100
841,61,2025-09-19,2025-09-19 14:35:48,603228.SH,S,72.890,100
842,61,2025-09-19,2025-09-19 14:35:48,603228.SH,S,72.890,100
843,59,2025-09-19,2025-09-19 14:35:48,603228.SH,S,72.890,100
844,58,2025-09-19,2025-09-19 14:35:47,605319.SH,S,35.220,100
845,58,2025-09-19,2025-09-19 14:35:47,605319.SH,S,35.220,100
846,58,2025-09-19,2025-09-19 14:35:48,603815.SH,S,12.520,600
847,44,2025-09-19,2025-09-19 14:35:46,601179.SH,S,6.560,600
848,58,2025-09-19,2025-09-19 14:35:45,601899.SH,S,25.060,300
849,58,2025-09-19,2025-09-19 14:35:45,601606.SH,S,46.930,100
850,58,2025-09-19,2025-09-19 14:35:43,002284.SZ,B,12.640,200
851,44,2025-09-19,2025-09-19 14:35:41,601179.SH,S,6.560,500
852,61,2025-09-19,2025-09-19 14:35:40,002520.SZ,S,6.960,100
853,59,2025-09-19,2025-09-19 14:35:40,603500.SH,S,11.300,600
854,61,2025-09-19,2025-09-19 14:35:40,603500.SH,S,11.300,100
855,61,2025-09-19,2025-09-19 14:35:40,603500.SH,S,11.300,200
856,61,2025-09-19,2025-09-19 14:35:40,603500.SH,S,11.300,200
857,61,2025-09-19,2025-09-19 14:35:39,603500.SH,S,11.300,100
858,58,2025-09-19,2025-09-19 14:35:39,600249.SH,B,6.170,200
859,61,2025-09-19,2025-09-19 14:35:37,300233.SZ,S,20.020,200
860,52,2025-09-19,2025-09-19 14:35:32,002414.SZ,S,11.890,100
861,52,2025-09-19,2025-09-19 14:35:31,601899.SH,S,25.060,100
862,62,2025-09-19,2025-09-19 14:35:30,300747.SZ,B,27.380,1000
863,58,2025-09-19,2025-09-19 14:35:30,603189.SH,S,21.970,400
864,62,2025-09-19,2025-09-19 14:35:28,002258.SZ,S,12.130,1900
865,58,2025-09-19,2025-09-19 14:35:22,300593.SZ,S,19.000,100
866,52,2025-09-19,2025-09-19 14:35:01,002645.SZ,S,14.830,100
867,61,2025-09-19,2025-09-19 14:35:11,002195.SZ,B,8.080,7520
868,61,2025-09-19,2025-09-19 14:35:10,002195.SZ,B,8.080,1780
869,44,2025-09-19,2025-09-19 14:35:10,000933.SZ,S,19.400,300
870,59,2025-09-19,2025-09-19 14:35:07,000659.SZ,B,2.910,100
871,58,2025-09-19,2025-09-19 14:35:07,000659.SZ,B,2.910,200
872,58,2025-09-19,2025-09-19 14:35:05,300747.SZ,S,27.380,200
873,59,2025-09-19,2025-09-19 14:35:05,000727.SZ,B,2.790,100
874,52,2025-09-19,2025-09-19 14:35:05,300747.SZ,S,27.380,100
875,58,2025-09-19,2025-09-19 14:35:05,000727.SZ,B,2.790,800
876,61,2025-09-19,2025-09-19 14:35:05,000727.SZ,B,2.790,200
877,60,2025-09-19,2025-09-19 14:35:04,603508.SH,B,32.670,100
878,52,2025-09-19,2025-09-19 14:31:20,000727.SZ,B,2.790,100
879,58,2025-09-19,2025-09-19 14:35:03,603036.SH,S,21.270,400
880,52,2025-09-19,2025-09-19 14:35:02,603036.SH,S,21.270,200
881,58,2025-09-19,2025-09-19 14:35:00,002622.SZ,B,4.110,500
882,58,2025-09-19,2025-09-19 14:34:59,600397.SH,S,7.300,100
883,52,2025-09-19,2025-09-19 14:34:55,000603.SZ,S,20.360,200
884,58,2025-09-19,2025-09-19 14:34:53,603993.SH,S,12.510,300
885,52,2025-09-19,2025-09-19 14:34:52,603993.SH,S,12.510,400
886,61,2025-09-19,2025-09-19 14:34:50,000603.SZ,S,20.360,200
887,52,2025-09-19,2025-09-19 14:34:44,002246.SZ,S,17.120,100
888,58,2025-09-19,2025-09-19 14:34:42,002354.SZ,B,7.220,1500
889,58,2025-09-19,2025-09-19 14:34:39,002354.SZ,B,7.220,1500
890,58,2025-09-19,2025-09-19 14:34:38,002354.SZ,B,7.220,200
891,58,2025-09-19,2025-09-19 14:34:38,002354.SZ,B,7.220,100
892,52,2025-09-19,2025-09-19 14:34:37,002436.SZ,B,23.740,100
893,58,2025-09-19,2025-09-19 14:34:29,603596.SH,S,52.160,100
894,61,2025-09-19,2025-09-19 14:34:26,603596.SH,S,52.170,100
895,58,2025-09-19,2025-09-19 14:34:24,600503.SH,B,3.560,200
896,60,2025-09-19,2025-09-19 14:34:15,300806.SZ,S,26.100,200
897,61,2025-09-19,2025-09-19 14:34:09,603328.SH,S,12.150,600
898,61,2025-09-19,2025-09-19 14:34:09,300043.SZ,S,7.020,1000
899,59,2025-09-19,2025-09-19 14:34:09,300043.SZ,S,7.020,700
900,58,2025-09-19,2025-09-19 14:34:07,002558.SZ,B,45.700,200
901,58,2025-09-19,2025-09-19 14:34:06,002357.SZ,B,10.520,200
902,62,2025-09-19,2025-09-19 14:34:04,603236.SH,S,101.100,100
903,59,2025-09-19,2025-09-19 14:34:01,002164.SZ,B,13.800,100
904,58,2025-09-19,2025-09-19 14:33:55,605319.SH,S,35.270,100
905,52,2025-09-19,2025-09-19 14:33:55,605319.SH,S,35.270,100
906,52,2025-09-19,2025-09-19 14:33:52,601208.SH,S,21.280,100
907,58,2025-09-19,2025-09-19 14:33:53,601872.SH,B,8.850,200
908,52,2025-09-19,2025-09-19 14:33:52,603228.SH,S,72.800,100
909,58,2025-09-19,2025-09-19 14:33:52,601208.SH,S,21.280,400
910,58,2025-09-19,2025-09-19 14:33:52,600239.SH,S,2.660,7700
911,59,2025-09-19,2025-09-19 14:33:51,002175.SZ,S,4.970,100
912,59,2025-09-19,2025-09-19 14:33:51,002175.SZ,S,4.970,200
913,59,2025-09-19,2025-09-19 14:33:51,002175.SZ,S,4.970,300
914,52,2025-09-19,2025-09-19 14:33:09,600239.SH,S,2.660,2000
915,61,2025-09-19,2025-09-19 14:33:49,002175.SZ,S,4.970,1300
916,58,2025-09-19,2025-09-19 14:33:45,600595.SH,S,5.250,600
917,59,2025-09-19,2025-09-19 14:33:45,600595.SH,S,5.250,200
918,61,2025-09-19,2025-09-19 14:33:45,600595.SH,S,5.250,700
919,52,2025-09-19,2025-09-19 14:33:16,600595.SH,S,5.250,100
920,61,2025-09-19,2025-09-19 14:33:41,000838.SZ,S,2.820,100
921,58,2025-09-19,2025-09-19 14:33:27,600226.SH,S,4.170,4000
922,52,2025-09-19,2025-09-19 14:31:43,600226.SH,S,4.170,1200
923,44,2025-09-19,2025-09-19 14:33:24,300811.SZ,B,76.730,100
924,59,2025-09-19,2025-09-19 14:33:23,600021.SH,B,19.810,100
925,58,2025-09-19,2025-09-19 14:33:18,000753.SZ,S,7.440,300
926,52,2025-09-19,2025-09-19 14:33:06,000753.SZ,S,7.440,100
927,52,2025-09-19,2025-09-19 14:33:06,000813.SZ,S,4.390,100
928,58,2025-09-19,2025-09-19 14:33:17,601311.SH,S,10.980,400
929,59,2025-09-19,2025-09-19 14:33:11,600151.SH,S,8.310,300
930,61,2025-09-19,2025-09-19 14:33:11,600151.SH,S,8.310,600
931,59,2025-09-19,2025-09-19 14:33:08,300057.SZ,B,6.380,100
932,61,2025-09-19,2025-09-19 14:33:07,002121.SZ,B,7.750,200
933,61,2025-09-19,2025-09-19 14:33:06,000935.SZ,S,20.370,100
934,59,2025-09-19,2025-09-19 14:33:07,002256.SZ,B,3.130,1600
935,59,2025-09-19,2025-09-19 14:33:06,000935.SZ,S,20.370,100
936,62,2025-09-19,2025-09-19 14:33:06,000552.SZ,B,2.570,1300
937,62,2025-09-19,2025-09-19 14:33:06,000552.SZ,B,2.570,1200
938,61,2025-09-19,2025-09-19 14:33:01,002642.SZ,S,9.870,100
939,58,2025-09-19,2025-09-19 14:33:02,002590.SZ,B,15.200,200
940,59,2025-09-19,2025-09-19 14:33:01,603189.SH,S,21.980,200
941,58,2025-09-19,2025-09-19 14:33:01,600819.SH,B,7.020,200
942,59,2025-09-19,2025-09-19 14:33:00,002045.SZ,B,16.140,100
943,61,2025-09-19,2025-09-19 14:33:00,002045.SZ,B,16.140,400
944,62,2025-09-19,2025-09-19 14:32:59,605168.SH,S,31.060,100
945,61,2025-09-19,2025-09-19 14:32:51,002100.SZ,S,7.650,600
946,61,2025-09-19,2025-09-19 14:32:59,603189.SH,S,21.980,300
947,58,2025-09-19,2025-09-19 14:32:59,300232.SZ,B,8.250,120
948,58,2025-09-19,2025-09-19 14:32:59,300232.SZ,B,8.250,80
949,58,2025-09-19,2025-09-19 14:32:58,002842.SZ,B,10.570,200
950,61,2025-09-19,2025-09-19 14:32:58,603189.SH,S,21.980,300
951,59,2025-09-19,2025-09-19 14:32:58,002100.SZ,S,7.650,400
952,52,2025-09-19,2025-09-19 14:32:28,000402.SZ,S,3.180,100
953,52,2025-09-19,2025-09-19 14:32:57,002100.SZ,S,7.650,500
954,59,2025-09-19,2025-09-19 14:32:57,002100.SZ,S,7.650,300
955,61,2025-09-19,2025-09-19 14:32:57,603189.SH,S,21.980,100
956,61,2025-09-19,2025-09-19 14:32:56,601311.SH,S,10.980,100
957,61,2025-09-19,2025-09-19 14:32:56,601311.SH,S,10.980,200
958,61,2025-09-19,2025-09-19 14:32:56,601311.SH,S,10.980,200
959,59,2025-09-19,2025-09-19 14:32:56,601311.SH,S,10.980,200
960,59,2025-09-19,2025-09-19 14:32:56,002446.SZ,B,8.800,100
961,52,2025-09-19,2025-09-19 14:32:37,002446.SZ,B,8.800,100
962,61,2025-09-19,2025-09-19 14:32:55,000592.SZ,S,3.460,100
963,58,2025-09-19,2025-09-19 14:32:54,603189.SH,S,21.980,100
964,58,2025-09-19,2025-09-19 14:32:54,603189.SH,S,21.980,300
965,61,2025-09-19,2025-09-19 14:32:54,603969.SH,S,10.400,100
966,52,2025-09-19,2025-09-19 14:32:54,603189.SH,S,21.980,100
967,59,2025-09-19,2025-09-19 14:32:53,600052.SH,S,5.420,2100
968,58,2025-09-19,2025-09-19 14:32:51,002100.SZ,S,7.650,100
969,58,2025-09-19,2025-09-19 14:32:51,002100.SZ,S,7.650,100
970,58,2025-09-19,2025-09-19 14:32:51,002100.SZ,S,7.650,700
971,61,2025-09-19,2025-09-19 14:32:51,002100.SZ,S,7.650,400
972,61,2025-09-19,2025-09-19 14:32:50,300456.SZ,S,26.690,100
973,59,2025-09-19,2025-09-19 14:32:47,002611.SZ,B,17.800,400
974,59,2025-09-19,2025-09-19 14:32:46,605319.SH,S,35.260,200
975,61,2025-09-19,2025-09-19 14:32:46,605319.SH,S,35.260,600
976,61,2025-09-19,2025-09-19 14:32:45,600176.SH,S,15.680,500
977,58,2025-09-19,2025-09-19 14:32:46,300925.SZ,S,26.840,200
978,59,2025-09-19,2025-09-19 14:32:45,600176.SH,S,15.680,200
979,58,2025-09-19,2025-09-19 14:32:43,000592.SZ,B,3.460,200
980,61,2025-09-19,2025-09-19 14:32:38,301077.SZ,S,27.680,100
981,61,2025-09-19,2025-09-19 14:32:38,301077.SZ,S,27.680,100
982,61,2025-09-19,2025-09-19 14:32:38,301077.SZ,S,27.680,100
983,61,2025-09-19,2025-09-19 14:32:38,301077.SZ,S,27.680,100
984,52,2025-09-19,2025-09-19 14:32:35,002045.SZ,B,16.140,100
985,61,2025-09-19,2025-09-19 14:32:29,000753.SZ,S,7.430,300
986,59,2025-09-19,2025-09-19 14:32:28,300009.SZ,B,10.380,100
987,58,2025-09-19,2025-09-19 14:32:27,301226.SZ,B,34.750,200
988,60,2025-09-19,2025-09-19 14:32:26,600864.SH,B,7.200,1000
989,52,2025-09-19,2025-09-19 14:32:21,002421.SZ,B,3.540,100
990,61,2025-09-19,2025-09-19 14:32:25,002611.SZ,B,17.800,600
991,58,2025-09-19,2025-09-19 14:32:24,002121.SZ,B,7.760,200
992,52,2025-09-19,2025-09-19 14:32:24,002195.SZ,B,8.090,100
993,60,2025-09-19,2025-09-19 14:32:23,600745.SH,B,47.190,100
994,52,2025-09-19,2025-09-19 14:32:22,601609.SH,B,11.780,200
995,58,2025-09-19,2025-09-19 14:32:22,300456.SZ,B,26.660,100
996,58,2025-09-19,2025-09-19 14:32:22,300456.SZ,B,26.660,100
997,61,2025-09-19,2025-09-19 14:32:21,600319.SH,S,7.720,100
998,58,2025-09-19,2025-09-19 14:32:21,002491.SZ,S,6.040,600
999,52,2025-09-19,2025-09-19 14:31:20,002491.SZ,S,6.040,300
1000,59,2025-09-19,2025-09-19 14:32:20,300363.SZ,B,26.460,100
1001,60,2025-09-19,2025-09-19 14:32:19,603019.SH,B,107.160,200
1002,61,2025-09-19,2025-09-19 14:32:18,300258.SZ,S,16.060,100
1003,59,2025-09-19,2025-09-19 14:32:14,600239.SH,S,2.660,3200
1004,61,2025-09-19,2025-09-19 14:32:14,600239.SH,S,2.660,8000
1005,52,2025-09-19,2025-09-19 14:31:20,300692.SZ,B,7.890,100
1006,60,2025-09-19,2025-09-19 14:32:12,000858.SZ,S,124.280,100
1007,52,2025-09-19,2025-09-19 14:32:06,002354.SZ,B,7.220,600
1008,52,2025-09-19,2025-09-19 14:31:20,002565.SZ,S,7.340,1200
1009,58,2025-09-19,2025-09-19 14:32:05,002565.SZ,S,7.340,900
1010,58,2025-09-19,2025-09-19 14:32:01,603657.SH,S,37.590,200
1011,61,2025-09-19,2025-09-19 14:31:58,603098.SH,B,14.840,200
1012,59,2025-09-19,2025-09-19 14:31:55,300269.SZ,B,5.180,100
1013,60,2025-09-19,2025-09-19 14:31:52,000039.SZ,S,7.830,3500
1014,58,2025-09-19,2025-09-19 14:31:49,002169.SZ,B,7.140,200
1015,52,2025-09-19,2025-09-19 14:31:30,002169.SZ,B,7.140,100
1016,59,2025-09-19,2025-09-19 14:31:48,600503.SH,B,3.570,100
1017,60,2025-09-19,2025-09-19 14:31:47,600489.SH,B,18.310,300
1018,60,2025-09-19,2025-09-19 14:31:47,600489.SH,B,18.310,200
1019,58,2025-09-19,2025-09-19 14:31:46,600490.SH,B,6.140,100
1020,58,2025-09-19,2025-09-19 14:31:44,600490.SH,B,6.140,100
1021,58,2025-09-19,2025-09-19 14:31:41,603936.SH,B,14.070,500
1022,60,2025-09-19,2025-09-19 14:31:40,600489.SH,B,18.310,600
1023,61,2025-09-19,2025-09-19 14:31:39,603196.SH,S,23.420,400
1024,58,2025-09-19,2025-09-19 14:31:39,002747.SZ,B,25.280,200
1025,59,2025-09-19,2025-09-19 14:31:39,002506.SZ,B,2.630,100
1026,59,2025-09-19,2025-09-19 14:31:39,603196.SH,S,23.420,200
1027,52,2025-09-19,2025-09-19 14:31:33,002747.SZ,B,25.280,100
1028,58,2025-09-19,2025-09-19 14:31:37,000676.SZ,B,10.070,200
1029,52,2025-09-19,2025-09-19 14:31:27,300328.SZ,B,18.770,400
1030,60,2025-09-19,2025-09-19 14:31:35,600489.SH,B,18.310,1300
1031,44,2025-09-19,2025-09-19 14:31:34,300722.SZ,B,32.030,100
1032,58,2025-09-19,2025-09-19 14:31:32,002565.SZ,S,7.340,300
1033,58,2025-09-19,2025-09-19 14:31:32,002565.SZ,S,7.340,1800
1034,61,2025-09-19,2025-09-19 14:31:29,600052.SH,S,5.410,2300
1035,58,2025-09-19,2025-09-19 14:31:28,600076.SH,B,2.840,200
1036,58,2025-09-19,2025-09-19 14:31:25,603196.SH,S,23.420,600
1037,52,2025-09-19,2025-09-19 14:31:24,603196.SH,S,23.410,100
1038,58,2025-09-19,2025-09-19 14:31:22,002175.SZ,S,4.970,1600
1039,58,2025-09-19,2025-09-19 14:31:22,600340.SH,B,2.290,500
1040,61,2025-09-19,2025-09-19 14:31:23,601606.SH,S,46.940,200
1041,61,2025-09-19,2025-09-19 14:31:23,601606.SH,S,46.940,100
1042,58,2025-09-19,2025-09-19 14:31:22,300094.SZ,B,3.780,200
1043,59,2025-09-19,2025-09-19 14:31:22,000753.SZ,S,7.440,200
1044,52,2025-09-19,2025-09-19 14:31:22,002175.SZ,S,4.970,300
1045,58,2025-09-19,2025-09-19 14:31:22,002565.SZ,S,7.340,1800
1046,58,2025-09-19,2025-09-19 14:31:21,601975.SH,B,3.220,200
1047,58,2025-09-19,2025-09-19 14:31:21,000926.SZ,B,2.800,200
1048,52,2025-09-19,2025-09-19 14:31:20,000926.SZ,S,2.800,300
1049,52,2025-09-19,2025-09-19 14:31:20,600353.SH,S,17.450,100
1050,58,2025-09-19,2025-09-19 14:31:19,002565.SZ,S,7.340,600
1051,58,2025-09-19,2025-09-19 14:31:19,300233.SZ,S,20.060,200
1052,58,2025-09-19,2025-09-19 14:31:19,002565.SZ,S,7.340,100
1053,58,2025-09-19,2025-09-19 14:31:18,002565.SZ,S,7.340,100
1054,61,2025-09-19,2025-09-19 14:31:16,002212.SZ,S,10.020,100
1055,58,2025-09-19,2025-09-19 14:31:17,601212.SH,B,3.640,200
1056,58,2025-09-19,2025-09-19 14:31:15,002239.SZ,B,3.280,200
1057,61,2025-09-19,2025-09-19 14:31:15,002256.SZ,B,3.130,3100
1058,60,2025-09-19,2025-09-19 14:31:05,002271.SZ,S,12.740,400
1059,62,2025-09-19,2025-09-19 14:30:52,605168.SH,S,31.030,100
1060,60,2025-09-19,2025-09-19 14:30:51,600938.SH,S,26.350,1100
1061,60,2025-09-19,2025-09-19 14:29:45,601717.SH,B,24.310,700
1062,60,2025-09-19,2025-09-19 14:29:44,601717.SH,B,24.310,100
1063,60,2025-09-19,2025-09-19 14:29:43,601717.SH,B,24.310,100
1064,60,2025-09-19,2025-09-19 14:29:43,601717.SH,B,24.310,100
1065,44,2025-09-19,2025-09-19 14:29:10,600699.SH,S,37.180,100
1066,44,2025-09-19,2025-09-19 14:29:04,600699.SH,S,37.200,100
1067,60,2025-09-19,2025-09-19 14:28:19,601669.SH,B,5.720,14000
1068,60,2025-09-19,2025-09-19 14:28:08,601669.SH,B,5.710,600
1069,60,2025-09-19,2025-09-19 14:28:00,600578.SH,S,4.230,1400
1070,60,2025-09-19,2025-09-19 14:28:00,600578.SH,S,4.230,800
1071,44,2025-09-19,2025-09-19 14:27:49,688779.SH,B,7.280,400
1072,62,2025-09-19,2025-09-19 14:27:09,600339.SH,B,3.500,2200
1073,44,2025-09-19,2025-09-19 14:27:01,600056.SH,S,11.660,400
1074,62,2025-09-19,2025-09-19 14:26:45,000552.SZ,B,2.570,1200
1075,62,2025-09-19,2025-09-19 14:26:37,000008.SZ,B,2.900,300
1076,62,2025-09-19,2025-09-19 14:26:24,000008.SZ,B,2.900,800
1077,44,2025-09-19,2025-09-19 14:26:21,603916.SH,B,10.740,100
1078,62,2025-09-19,2025-09-19 14:26:09,000008.SZ,B,2.900,1200
1079,60,2025-09-19,2025-09-19 14:26:04,603019.SH,B,107.400,400
1080,60,2025-09-19,2025-09-19 14:25:52,002558.SZ,S,45.250,200
1081,62,2025-09-19,2025-09-19 14:25:48,605168.SH,S,31.010,100
1082,62,2025-09-19,2025-09-19 14:25:45,601998.SH,S,7.430,400
1083,60,2025-09-19,2025-09-19 14:24:47,000975.SZ,B,20.240,300
1084,60,2025-09-19,2025-09-19 14:24:47,601003.SH,B,5.370,1100
1085,60,2025-09-19,2025-09-19 14:23:57,600547.SH,S,36.590,400
1086,60,2025-09-19,2025-09-19 14:23:47,002683.SZ,B,44.550,127
1087,60,2025-09-19,2025-09-19 14:23:46,002683.SZ,B,44.550,100
1088,60,2025-09-19,2025-09-19 14:23:46,002683.SZ,B,44.550,573
1089,60,2025-09-19,2025-09-19 14:23:43,000333.SZ,S,74.180,400
1090,60,2025-09-19,2025-09-19 14:23:43,000333.SZ,S,74.180,900
1091,60,2025-09-19,2025-09-19 14:23:43,000333.SZ,S,74.180,900
1092,60,2025-09-19,2025-09-19 14:23:38,601208.SH,S,21.160,300
1093,60,2025-09-19,2025-09-19 14:23:35,600699.SH,S,37.270,200
1094,62,2025-09-19,2025-09-19 14:23:17,600339.SH,B,3.510,600
1095,62,2025-09-19,2025-09-19 14:23:17,600339.SH,B,3.510,300
1096,44,2025-09-19,2025-09-19 14:23:00,600522.SH,B,16.720,2300
1097,60,2025-09-19,2025-09-19 14:22:56,600809.SH,B,200.060,100
1098,44,2025-09-19,2025-09-19 14:22:35,605288.SH,S,110.680,100
1099,60,2025-09-19,2025-09-19 14:22:28,600522.SH,B,16.730,200
1100,60,2025-09-19,2025-09-19 14:22:22,600522.SH,B,16.720,100
1101,60,2025-09-19,2025-09-19 14:22:22,600522.SH,B,16.720,100
1102,60,2025-09-19,2025-09-19 14:22:22,600522.SH,B,16.720,100
1103,62,2025-09-19,2025-09-19 14:22:21,600675.SH,B,3.030,1000
1104,60,2025-09-19,2025-09-19 14:22:19,600522.SH,B,16.730,300
1105,60,2025-09-19,2025-09-19 14:22:21,002158.SZ,S,28.100,200
1106,60,2025-09-19,2025-09-19 14:22:19,600522.SH,B,16.720,100
1107,44,2025-09-19,2025-09-19 14:21:54,600331.SH,S,11.470,300
1108,60,2025-09-19,2025-09-19 14:21:53,600489.SH,B,18.310,400
1109,60,2025-09-19,2025-09-19 14:21:53,600489.SH,B,18.310,100
1110,44,2025-09-19,2025-09-19 14:21:49,600331.SH,S,11.470,100
1111,60,2025-09-19,2025-09-19 14:21:46,002683.SZ,B,44.790,200
1112,44,2025-09-19,2025-09-19 14:21:27,600699.SH,S,37.320,100
1113,60,2025-09-19,2025-09-19 14:21:25,301377.SZ,B,82.910,100
1114,62,2025-09-19,2025-09-19 14:21:24,600452.SH,B,9.550,1200
1115,44,2025-09-19,2025-09-19 14:21:23,600713.SH,S,4.970,500
1116,60,2025-09-19,2025-09-19 14:21:23,600331.SH,S,11.460,500
1117,44,2025-09-19,2025-09-19 14:21:22,688403.SH,S,15.310,200
1118,62,2025-09-19,2025-09-19 14:21:22,600995.SH,B,11.750,800
1119,44,2025-09-19,2025-09-19 14:21:19,600699.SH,S,37.350,100
1120,62,2025-09-19,2025-09-19 14:21:18,600331.SH,S,11.470,800
1121,62,2025-09-19,2025-09-19 14:21:15,003019.SZ,S,39.890,100
1122,60,2025-09-19,2025-09-19 14:21:15,002683.SZ,B,44.860,300
1123,62,2025-09-19,2025-09-19 14:21:15,600675.SH,B,3.030,1000
1124,60,2025-09-19,2025-09-19 14:21:14,600219.SH,S,3.930,150
1125,60,2025-09-19,2025-09-19 14:21:14,600219.SH,S,3.930,500
1126,60,2025-09-19,2025-09-19 14:21:14,600219.SH,S,3.930,400
1127,60,2025-09-19,2025-09-19 14:21:14,600219.SH,S,3.930,2000
1128,60,2025-09-19,2025-09-19 14:21:14,600219.SH,S,3.930,800
1129,60,2025-09-19,2025-09-19 14:21:14,600219.SH,S,3.930,4300
1130,60,2025-09-19,2025-09-19 14:21:14,600219.SH,S,3.930,300
1131,60,2025-09-19,2025-09-19 14:21:14,600219.SH,S,3.930,800
1132,60,2025-09-19,2025-09-19 14:21:14,600219.SH,S,3.930,800
1133,60,2025-09-19,2025-09-19 14:21:14,600219.SH,S,3.930,800
1134,60,2025-09-19,2025-09-19 14:21:14,600219.SH,S,3.930,800
1135,60,2025-09-19,2025-09-19 14:21:14,600219.SH,S,3.930,1800
1136,62,2025-09-19,2025-09-19 14:21:14,002246.SZ,S,17.140,300
1137,60,2025-09-19,2025-09-19 14:21:14,600219.SH,S,3.930,400
1138,60,2025-09-19,2025-09-19 14:21:14,600219.SH,S,3.930,2100
1139,60,2025-09-19,2025-09-19 14:21:14,600219.SH,S,3.930,250
1140,44,2025-09-19,2025-09-19 14:21:10,688403.SH,S,15.300,200
1141,62,2025-09-19,2025-09-19 14:20:27,000008.SZ,B,2.900,1600
1142,60,2025-09-19,2025-09-19 14:20:05,601766.SH,B,7.560,700
1143,44,2025-09-19,2025-09-19 14:20:05,601717.SH,B,24.380,400
1144,60,2025-09-19,2025-09-19 14:20:04,002142.SZ,S,26.780,200
1145,62,2025-09-19,2025-09-19 14:19:51,605168.SH,S,31.010,100
1146,62,2025-09-19,2025-09-19 14:19:49,002233.SZ,B,8.870,1600
1147,44,2025-09-19,2025-09-19 14:19:47,605305.SH,S,40.470,100
1148,44,2025-09-19,2025-09-19 14:19:47,605305.SH,S,40.470,100
1149,60,2025-09-19,2025-09-19 14:19:46,300059.SZ,B,26.700,200
1150,60,2025-09-19,2025-09-19 14:19:46,000791.SZ,S,6.380,500
1151,62,2025-09-19,2025-09-19 14:19:45,605305.SH,S,40.480,200
1152,62,2025-09-19,2025-09-19 14:19:45,605305.SH,S,40.480,200
1153,62,2025-09-19,2025-09-19 14:19:45,605305.SH,S,40.480,100
1154,62,2025-09-19,2025-09-19 14:19:45,605305.SH,S,40.480,100
1155,60,2025-09-19,2025-09-19 14:19:45,605305.SH,S,40.480,100
1156,44,2025-09-19,2025-09-19 14:19:40,300130.SZ,B,27.570,100
1157,44,2025-09-19,2025-09-19 14:19:40,300130.SZ,B,27.570,100
1158,44,2025-09-19,2025-09-19 14:19:32,603158.SH,S,11.500,600
1159,44,2025-09-19,2025-09-19 14:19:16,300836.SZ,S,47.180,100
1160,60,2025-09-19,2025-09-19 14:19:15,603444.SH,B,549.300,100
1161,60,2025-09-19,2025-09-19 14:19:15,601319.SH,S,7.810,1600
1162,60,2025-09-19,2025-09-19 14:19:10,601319.SH,S,7.810,100
1163,60,2025-09-19,2025-09-19 14:19:03,601319.SH,S,7.810,200
1164,60,2025-09-19,2025-09-19 14:19:02,600995.SH,B,11.740,1100
1165,60,2025-09-19,2025-09-19 14:18:57,601319.SH,S,7.810,100
1166,60,2025-09-19,2025-09-19 14:18:56,601319.SH,S,7.810,100
1167,44,2025-09-19,2025-09-19 14:18:53,603083.SH,B,114.080,100
1168,60,2025-09-19,2025-09-19 14:18:50,601319.SH,S,7.810,500
1169,60,2025-09-19,2025-09-19 14:18:49,002271.SZ,S,12.760,300
1170,60,2025-09-19,2025-09-19 14:18:44,601319.SH,S,7.810,400
1171,60,2025-09-19,2025-09-19 14:18:40,601919.SH,S,14.870,500
1172,60,2025-09-19,2025-09-19 14:18:38,603588.SH,S,6.700,200
1173,60,2025-09-19,2025-09-19 14:18:38,603588.SH,S,6.700,1000
1174,60,2025-09-19,2025-09-19 14:18:38,603588.SH,S,6.700,100
1175,60,2025-09-19,2025-09-19 14:18:38,603588.SH,S,6.700,200
1176,60,2025-09-19,2025-09-19 14:18:38,603588.SH,S,6.700,100
1177,60,2025-09-19,2025-09-19 14:18:34,603019.SH,B,107.300,100
1178,60,2025-09-19,2025-09-19 14:18:27,600522.SH,B,16.760,700
1179,60,2025-09-19,2025-09-19 14:18:22,600522.SH,B,16.760,300
1180,60,2025-09-19,2025-09-19 14:18:19,002487.SZ,B,43.120,200
1181,62,2025-09-19,2025-09-19 14:18:17,600335.SH,S,6.250,300
1182,62,2025-09-19,2025-09-19 14:18:17,600335.SH,S,6.250,700
1183,62,2025-09-19,2025-09-19 14:18:17,600335.SH,S,6.250,200
1184,62,2025-09-19,2025-09-19 14:18:17,600335.SH,S,6.250,400
1185,62,2025-09-19,2025-09-19 14:18:16,000008.SZ,B,2.900,4900
1186,62,2025-09-19,2025-09-19 14:18:16,000008.SZ,B,2.900,4200
1187,60,2025-09-19,2025-09-19 14:18:04,603158.SH,S,11.510,1700
1188,60,2025-09-19,2025-09-19 14:18:04,603158.SH,S,11.510,500
1189,60,2025-09-19,2025-09-19 14:18:04,603158.SH,S,11.510,1300
1190,60,2025-09-19,2025-09-19 14:18:04,603158.SH,S,11.510,600
1191,60,2025-09-19,2025-09-19 14:18:04,002683.SZ,B,45.100,100
1192,60,2025-09-19,2025-09-19 14:18:03,002048.SZ,B,34.280,100
1193,62,2025-09-19,2025-09-19 14:17:56,600928.SH,B,4.020,485
1194,62,2025-09-19,2025-09-19 14:17:56,600928.SH,B,4.020,100
1195,62,2025-09-19,2025-09-19 14:17:56,600928.SH,B,4.020,215
1196,62,2025-09-19,2025-09-19 14:17:34,000008.SZ,B,2.900,100
1197,60,2025-09-19,2025-09-19 14:17:31,600522.SH,B,16.790,100
1198,60,2025-09-19,2025-09-19 14:17:31,600522.SH,B,16.790,100
1199,60,2025-09-19,2025-09-19 14:17:31,600522.SH,B,16.790,100
1200,62,2025-09-19,2025-09-19 14:17:20,600675.SH,B,3.010,1400
1201,44,2025-09-19,2025-09-19 14:17:17,300976.SZ,B,65.040,100
1202,60,2025-09-19,2025-09-19 14:17:18,600522.SH,B,16.790,100
1203,60,2025-09-19,2025-09-19 14:17:18,600522.SH,B,16.790,100
1204,62,2025-09-19,2025-09-19 14:17:17,000008.SZ,B,2.900,300
1205,62,2025-09-19,2025-09-19 14:17:17,000008.SZ,B,2.900,100
1206,62,2025-09-19,2025-09-19 14:17:17,000008.SZ,B,2.900,500
1207,62,2025-09-19,2025-09-19 14:17:15,601518.SH,B,2.780,1100
1208,62,2025-09-19,2025-09-19 14:17:15,000008.SZ,B,2.900,100
1209,62,2025-09-19,2025-09-19 14:17:15,601518.SH,B,2.780,1100
1210,62,2025-09-19,2025-09-19 14:17:15,000008.SZ,B,2.900,100
1211,62,2025-09-19,2025-09-19 14:17:15,000008.SZ,B,2.900,100
1212,62,2025-09-19,2025-09-19 14:17:15,000008.SZ,B,2.900,200
1213,62,2025-09-19,2025-09-19 14:17:14,000008.SZ,B,2.900,100
1214,62,2025-09-19,2025-09-19 14:17:13,000008.SZ,B,2.900,100
1215,62,2025-09-19,2025-09-19 14:17:13,000008.SZ,B,2.900,400
1216,62,2025-09-19,2025-09-19 14:17:13,000008.SZ,B,2.900,100
1217,62,2025-09-19,2025-09-19 14:17:13,000008.SZ,B,2.900,200
1218,62,2025-09-19,2025-09-19 14:17:12,000008.SZ,B,2.900,100
1219,62,2025-09-19,2025-09-19 14:17:12,000008.SZ,B,2.900,100
1220,62,2025-09-19,2025-09-19 14:17:12,000008.SZ,B,2.900,300
1221,62,2025-09-19,2025-09-19 14:17:12,000008.SZ,B,2.900,300
1222,62,2025-09-19,2025-09-19 14:17:12,000008.SZ,B,2.900,100
1223,62,2025-09-19,2025-09-19 14:17:12,000008.SZ,B,2.900,400
1224,62,2025-09-19,2025-09-19 14:17:10,000008.SZ,B,2.900,600
1225,62,2025-09-19,2025-09-19 14:17:10,000008.SZ,B,2.900,100
1226,62,2025-09-19,2025-09-19 14:17:10,000008.SZ,B,2.900,400
1227,62,2025-09-19,2025-09-19 14:17:10,000008.SZ,B,2.900,300
1228,62,2025-09-19,2025-09-19 14:17:09,000008.SZ,B,2.900,100
1229,62,2025-09-19,2025-09-19 14:17:09,000008.SZ,B,2.900,400
1230,62,2025-09-19,2025-09-19 14:17:04,301200.SZ,B,113.340,100
1231,44,2025-09-19,2025-09-19 14:17:01,601208.SH,S,21.170,500
1232,62,2025-09-19,2025-09-19 14:17:02,002487.SZ,S,43.270,100
1233,62,2025-09-19,2025-09-19 14:17:00,003013.SZ,B,15.310,500
1234,62,2025-09-19,2025-09-19 14:17:00,003013.SZ,B,15.310,100
1235,62,2025-09-19,2025-09-19 14:17:00,002487.SZ,S,43.270,300
1236,62,2025-09-19,2025-09-19 14:16:51,600983.SH,S,10.520,100
1237,62,2025-09-19,2025-09-19 14:16:51,600983.SH,S,10.520,700
1238,62,2025-09-19,2025-09-19 14:16:51,600983.SH,S,10.520,700
1239,62,2025-09-19,2025-09-19 14:16:50,003019.SZ,S,40.290,200
1240,62,2025-09-19,2025-09-19 14:16:46,600475.SH,S,16.480,300
1241,60,2025-09-19,2025-09-19 14:16:45,000807.SZ,S,20.150,200
1242,60,2025-09-19,2025-09-19 14:16:40,601009.SH,S,10.470,100
1243,60,2025-09-19,2025-09-19 14:16:40,601009.SH,S,10.470,100
1244,60,2025-09-19,2025-09-19 14:16:40,601009.SH,S,10.470,200
1245,60,2025-09-19,2025-09-19 14:16:32,002920.SZ,S,134.900,100
1246,62,2025-09-19,2025-09-19 14:16:20,601326.SH,B,3.450,100
1247,62,2025-09-19,2025-09-19 14:16:20,601326.SH,B,3.450,7500
1248,62,2025-09-19,2025-09-19 14:16:15,601065.SH,B,8.420,900
1249,44,2025-09-19,2025-09-19 14:15:57,001359.SZ,B,52.610,100
1250,62,2025-09-19,2025-09-19 14:15:41,600351.SH,B,6.670,1600
1251,62,2025-09-19,2025-09-19 14:15:38,603236.SH,S,101.230,100
1252,60,2025-09-19,2025-09-19 14:15:10,600522.SH,B,16.780,200
1253,60,2025-09-19,2025-09-19 14:14:53,300476.SZ,B,321.750,200
1254,62,2025-09-19,2025-09-19 14:14:20,600339.SH,B,3.510,1700
1255,62,2025-09-19,2025-09-19 14:14:16,605168.SH,S,30.950,100
1256,60,2025-09-19,2025-09-19 14:13:57,000877.SZ,S,6.760,600
1257,62,2025-09-19,2025-09-19 14:13:37,605168.SH,S,30.950,100
1258,60,2025-09-19,2025-09-19 14:13:25,000791.SZ,S,6.380,1100
1259,60,2025-09-19,2025-09-19 14:13:24,002768.SZ,B,47.430,100
1260,62,2025-09-19,2025-09-19 14:13:11,600020.SH,S,4.300,1600
1261,62,2025-09-19,2025-09-19 14:13:11,600020.SH,S,4.300,900
1262,62,2025-09-19,2025-09-19 14:13:11,600020.SH,S,4.300,700
1263,44,2025-09-19,2025-09-19 14:13:07,600621.SH,B,16.050,500
1264,44,2025-09-19,2025-09-19 14:13:07,000589.SZ,S,4.570,300
1265,44,2025-09-19,2025-09-19 14:13:07,000589.SZ,S,4.570,300
1266,44,2025-09-19,2025-09-19 14:13:07,000589.SZ,S,4.570,200
1267,44,2025-09-19,2025-09-19 14:13:06,300588.SZ,S,20.790,100
1268,60,2025-09-19,2025-09-19 14:13:07,300602.SZ,S,34.090,100
1269,60,2025-09-19,2025-09-19 14:13:07,300602.SZ,S,34.090,500
1270,61,2025-09-19,2025-09-19 14:13:07,002772.SZ,S,10.100,300
1271,61,2025-09-19,2025-09-19 14:13:07,002445.SZ,S,2.740,200
1272,60,2025-09-19,2025-09-19 14:13:07,601886.SH,B,7.310,200
1273,60,2025-09-19,2025-09-19 14:13:04,601886.SH,B,7.310,300
1274,59,2025-09-19,2025-09-19 14:13:01,002426.SZ,B,3.740,100
1275,60,2025-09-19,2025-09-19 14:12:49,000783.SZ,S,7.940,1200
1276,58,2025-09-19,2025-09-19 14:12:47,600433.SH,B,3.240,400
1277,60,2025-09-19,2025-09-19 14:12:28,002371.SZ,B,403.190,100
1278,60,2025-09-19,2025-09-19 14:12:08,300394.SZ,B,188.050,100
1279,60,2025-09-19,2025-09-19 14:11:53,601658.SH,S,6.100,700
1280,44,2025-09-19,2025-09-19 14:11:43,605305.SH,S,40.410,100
1281,60,2025-09-19,2025-09-19 14:11:36,300747.SZ,B,27.340,300
1282,60,2025-09-19,2025-09-19 14:11:35,600522.SH,B,16.730,400
1283,59,2025-09-19,2025-09-19 14:11:34,603189.SH,B,20.960,100
1284,60,2025-09-19,2025-09-19 14:11:32,300136.SZ,B,25.510,300
1285,58,2025-09-19,2025-09-19 14:11:25,688108.SH,B,28.180,220
1286,60,2025-09-19,2025-09-19 14:11:22,601668.SH,S,5.560,11200
1287,60,2025-09-19,2025-09-19 14:11:22,601668.SH,S,5.560,900
1288,44,2025-09-19,2025-09-19 14:11:18,688658.SH,B,23.800,200
1289,61,2025-09-19,2025-09-19 14:11:04,688108.SH,B,28.190,414
1290,60,2025-09-19,2025-09-19 14:11:01,300136.SZ,B,25.500,200
1291,44,2025-09-19,2025-09-19 14:11:01,600745.SH,B,47.040,100
1292,60,2025-09-19,2025-09-19 14:10:58,000725.SZ,S,4.140,1500
1293,60,2025-09-19,2025-09-19 14:10:57,600745.SH,B,47.070,100
1294,52,2025-09-19,2025-09-19 14:09:15,002195.SZ,B,8.050,293
1295,52,2025-09-19,2025-09-19 14:09:15,002195.SZ,B,8.050,100
1296,52,2025-09-19,2025-09-19 14:09:15,002195.SZ,B,8.050,7
1297,60,2025-09-19,2025-09-19 14:10:54,002371.SZ,B,403.280,100
1298,52,2025-09-19,2025-09-19 14:05:18,002370.SZ,B,5.830,600
1299,62,2025-09-19,2025-09-19 14:10:44,000513.SZ,S,39.230,200
1300,58,2025-09-19,2025-09-19 14:10:41,300761.SZ,S,22.820,100
1301,60,2025-09-19,2025-09-19 14:10:37,600989.SH,B,16.640,1200
1302,58,2025-09-19,2025-09-19 14:10:36,603969.SH,S,10.250,600
1303,60,2025-09-19,2025-09-19 14:10:35,300136.SZ,B,25.500,200
1304,59,2025-09-19,2025-09-19 14:10:34,600728.SH,S,7.110,200
1305,61,2025-09-19,2025-09-19 14:10:31,600728.SH,S,7.110,400
1306,58,2025-09-19,2025-09-19 14:10:30,300158.SZ,B,7.370,1100
1307,60,2025-09-19,2025-09-19 14:10:28,603019.SH,B,106.800,100
1308,60,2025-09-19,2025-09-19 14:10:25,300136.SZ,B,25.500,200
1309,62,2025-09-19,2025-09-19 14:10:24,600880.SH,B,4.970,1100
1310,60,2025-09-19,2025-09-19 14:10:21,002046.SZ,S,33.610,100
1311,44,2025-09-19,2025-09-19 14:10:18,000778.SZ,S,3.830,400
1312,61,2025-09-19,2025-09-19 14:10:11,603969.SH,S,10.250,600
1313,60,2025-09-19,2025-09-19 14:10:07,601601.SH,S,35.120,100
1314,60,2025-09-19,2025-09-19 14:10:06,300602.SZ,S,34.010,100
1315,62,2025-09-19,2025-09-19 14:10:04,002948.SZ,B,4.860,700
1316,61,2025-09-19,2025-09-19 14:10:02,300765.SZ,B,51.050,100
1317,44,2025-09-19,2025-09-19 14:10:01,603269.SH,S,12.480,300
1318,52,2025-09-19,2025-09-19 14:09:20,603098.SH,B,14.840,100
1319,61,2025-09-19,2025-09-19 14:09:59,300158.SZ,B,7.380,3600
1320,61,2025-09-19,2025-09-19 14:09:59,300158.SZ,B,7.380,1600
1321,58,2025-09-19,2025-09-19 14:09:59,601975.SH,B,3.220,400
1322,58,2025-09-19,2025-09-19 14:09:58,002182.SZ,S,15.380,200
1323,59,2025-09-19,2025-09-19 14:09:59,601975.SH,B,3.220,100
1324,52,2025-09-19,2025-09-19 14:07:16,601975.SH,B,3.220,100
1325,60,2025-09-19,2025-09-19 14:09:59,002271.SZ,S,12.650,500
1326,44,2025-09-19,2025-09-19 14:09:56,000567.SZ,B,6.470,100
1327,60,2025-09-19,2025-09-19 14:09:52,300602.SZ,S,34.010,100
1328,61,2025-09-19,2025-09-19 14:09:51,002126.SZ,S,40.360,200
1329,58,2025-09-19,2025-09-19 14:09:49,002826.SZ,B,20.340,200
1330,60,2025-09-19,2025-09-19 14:09:46,601377.SH,S,6.320,1900
1331,62,2025-09-19,2025-09-19 14:09:45,603236.SH,S,100.570,100
1332,44,2025-09-19,2025-09-19 14:09:43,002724.SZ,B,7.510,400
1333,60,2025-09-19,2025-09-19 14:09:43,603920.SH,S,47.240,100
1334,61,2025-09-19,2025-09-19 14:09:42,002922.SZ,S,21.250,100
1335,44,2025-09-19,2025-09-19 14:09:42,300602.SZ,S,34.050,100
1336,58,2025-09-19,2025-09-19 14:09:42,300057.SZ,B,6.340,400
1337,58,2025-09-19,2025-09-19 14:09:34,600601.SH,S,11.450,100
1338,58,2025-09-19,2025-09-19 14:09:30,002826.SZ,B,20.340,200
1339,59,2025-09-19,2025-09-19 14:09:27,600582.SH,B,6.000,100
1340,59,2025-09-19,2025-09-19 14:09:24,002195.SZ,B,8.070,2500
1341,62,2025-09-19,2025-09-19 14:09:25,000552.SZ,B,2.570,1700
1342,60,2025-09-19,2025-09-19 14:09:22,300750.SZ,S,369.720,100
1343,61,2025-09-19,2025-09-19 14:09:22,002491.SZ,S,6.010,200
1344,58,2025-09-19,2025-09-19 14:09:21,688373.SH,B,8.070,553
1345,58,2025-09-19,2025-09-19 14:09:21,688373.SH,B,8.070,287
1346,60,2025-09-19,2025-09-19 14:09:21,002241.SZ,B,32.830,200
1347,59,2025-09-19,2025-09-19 14:09:19,002126.SZ,S,40.420,100
1348,59,2025-09-19,2025-09-19 14:09:19,002126.SZ,S,40.420,100
1349,61,2025-09-19,2025-09-19 14:09:19,002126.SZ,S,40.430,300
1350,58,2025-09-19,2025-09-19 14:09:19,300043.SZ,S,6.990,2400
1351,60,2025-09-19,2025-09-19 14:09:18,002230.SZ,B,52.930,200
1352,60,2025-09-19,2025-09-19 14:09:14,600522.SH,B,16.720,200
1353,60,2025-09-19,2025-09-19 14:09:11,603380.SH,B,49.170,200
1354,59,2025-09-19,2025-09-19 14:09:04,603228.SH,B,72.560,100
1355,59,2025-09-19,2025-09-19 14:08:59,603986.SH,B,186.140,100
1356,60,2025-09-19,2025-09-19 14:08:59,600873.SH,S,10.680,5000
1357,61,2025-09-19,2025-09-19 14:08:57,688108.SH,B,28.190,315
1358,61,2025-09-19,2025-09-19 14:08:57,688108.SH,B,28.190,799
1359,60,2025-09-19,2025-09-19 14:08:53,600380.SH,S,12.680,700
1360,61,2025-09-19,2025-09-19 14:08:52,300043.SZ,S,6.980,800
1361,61,2025-09-19,2025-09-19 14:08:52,603328.SH,B,12.070,400
1362,62,2025-09-19,2025-09-19 14:08:51,000513.SZ,S,39.210,200
1363,58,2025-09-19,2025-09-19 14:08:52,603328.SH,B,12.070,2000
1364,59,2025-09-19,2025-09-19 14:08:49,600226.SH,S,4.150,200
1365,61,2025-09-19,2025-09-19 14:08:49,600226.SH,S,4.150,400
1366,44,2025-09-19,2025-09-19 14:08:50,688779.SH,B,7.240,400
1367,62,2025-09-19,2025-09-19 14:08:47,600351.SH,B,6.670,100
1368,62,2025-09-19,2025-09-19 14:08:47,600351.SH,B,6.670,800
1369,44,2025-09-19,2025-09-19 14:08:47,600660.SH,B,72.030,100
1370,60,2025-09-19,2025-09-19 14:08:47,603367.SH,B,20.810,200
1371,59,2025-09-19,2025-09-19 14:08:40,002174.SZ,S,12.160,100
1372,61,2025-09-19,2025-09-19 14:08:40,300158.SZ,B,7.370,100
1373,61,2025-09-19,2025-09-19 14:08:40,300158.SZ,B,7.370,100
1374,61,2025-09-19,2025-09-19 14:08:39,300158.SZ,B,7.370,300
1375,52,2025-09-19,2025-09-19 14:08:36,002126.SZ,S,40.440,200
1376,59,2025-09-19,2025-09-19 14:08:34,603766.SH,B,12.380,100
1377,61,2025-09-19,2025-09-19 14:08:28,002565.SZ,S,7.310,200
1378,58,2025-09-19,2025-09-19 14:08:28,002195.SZ,B,8.060,1100
1379,58,2025-09-19,2025-09-19 14:08:28,002195.SZ,B,8.060,500
1380,58,2025-09-19,2025-09-19 14:08:28,002195.SZ,B,8.060,400
1381,58,2025-09-19,2025-09-19 14:08:28,002195.SZ,B,8.060,100
1382,58,2025-09-19,2025-09-19 14:08:28,002195.SZ,B,8.060,600
1383,60,2025-09-19,2025-09-19 14:08:23,600522.SH,B,16.710,100
1384,60,2025-09-19,2025-09-19 14:08:23,600522.SH,B,16.710,100
1385,60,2025-09-19,2025-09-19 14:08:22,002415.SZ,B,30.760,1000
1386,59,2025-09-19,2025-09-19 14:08:21,300276.SZ,S,11.050,300
1387,52,2025-09-19,2025-09-19 14:08:19,300395.SZ,B,83.800,100
1388,61,2025-09-19,2025-09-19 14:08:16,300276.SZ,S,11.040,600
1389,52,2025-09-19,2025-09-19 14:08:17,601958.SH,S,14.840,100
1390,52,2025-09-19,2025-09-19 14:07:37,002555.SZ,B,23.570,100
1391,62,2025-09-19,2025-09-19 14:08:13,600489.SH,S,18.300,1000
1392,62,2025-09-19,2025-09-19 14:08:13,600489.SH,S,18.300,600
1393,58,2025-09-19,2025-09-19 14:08:12,002195.SZ,B,8.060,3500
1394,52,2025-09-19,2025-09-19 14:07:14,600026.SH,B,12.680,100
1395,61,2025-09-19,2025-09-19 14:08:11,600397.SH,S,7.280,100
1396,60,2025-09-19,2025-09-19 14:08:05,601766.SH,B,7.550,400
1397,52,2025-09-19,2025-09-19 14:08:01,300765.SZ,B,51.130,100
1398,61,2025-09-19,2025-09-19 14:08:00,600319.SH,B,7.680,300
1399,58,2025-09-19,2025-09-19 14:08:00,002532.SZ,S,11.010,100
1400,52,2025-09-19,2025-09-19 14:07:54,000672.SZ,S,8.880,100
1401,58,2025-09-19,2025-09-19 14:07:51,002532.SZ,S,11.010,900
1402,62,2025-09-19,2025-09-19 14:07:50,601298.SH,B,8.680,1000
1403,62,2025-09-19,2025-09-19 14:07:50,000717.SZ,S,2.820,1300
1404,58,2025-09-19,2025-09-19 14:07:47,300084.SZ,S,9.110,100
1405,58,2025-09-19,2025-09-19 14:07:47,300084.SZ,S,9.110,100
1406,58,2025-09-19,2025-09-19 14:07:47,300084.SZ,S,9.110,100
1407,60,2025-09-19,2025-09-19 14:07:45,603367.SH,B,20.830,200
1408,59,2025-09-19,2025-09-19 14:07:45,300158.SZ,B,7.390,1400
1409,61,2025-09-19,2025-09-19 14:07:45,300158.SZ,B,7.390,800
1410,52,2025-09-19,2025-09-19 14:05:35,603328.SH,B,12.100,300
1411,60,2025-09-19,2025-09-19 14:07:40,000933.SZ,S,19.430,2100
1412,58,2025-09-19,2025-09-19 14:07:36,300258.SZ,S,16.030,500
1413,60,2025-09-19,2025-09-19 14:07:31,300593.SZ,B,19.170,300
1414,59,2025-09-19,2025-09-19 14:07:28,002815.SZ,S,16.890,500
1415,61,2025-09-19,2025-09-19 14:07:27,002532.SZ,S,11.000,700
1416,59,2025-09-19,2025-09-19 14:07:27,002532.SZ,S,11.000,300
1417,59,2025-09-19,2025-09-19 14:07:27,002532.SZ,S,11.000,100
1418,61,2025-09-19,2025-09-19 14:07:26,002532.SZ,S,11.000,200
1419,58,2025-09-19,2025-09-19 14:07:25,300276.SZ,S,11.050,300
1420,58,2025-09-19,2025-09-19 14:07:25,300276.SZ,S,11.050,100
1421,52,2025-09-19,2025-09-19 14:06:40,002532.SZ,S,11.000,200
1422,61,2025-09-19,2025-09-19 14:07:25,002815.SZ,S,16.880,500
1423,61,2025-09-19,2025-09-19 14:07:25,002842.SZ,S,10.480,300
1424,59,2025-09-19,2025-09-19 14:07:25,301077.SZ,S,27.450,100
1425,58,2025-09-19,2025-09-19 14:07:20,300158.SZ,B,7.390,200
1426,58,2025-09-19,2025-09-19 14:07:19,300158.SZ,B,7.390,1100
1427,52,2025-09-19,2025-09-19 14:07:16,002815.SZ,S,16.890,200
1428,44,2025-09-19,2025-09-19 14:07:17,600266.SH,B,5.150,100
1429,58,2025-09-19,2025-09-19 14:07:19,300158.SZ,B,7.390,300
1430,52,2025-09-19,2025-09-19 14:07:16,002815.SZ,S,16.890,300
1431,52,2025-09-19,2025-09-19 14:07:14,600021.SH,S,19.910,100
1432,44,2025-09-19,2025-09-19 14:07:13,605050.SH,S,19.650,200
1433,59,2025-09-19,2025-09-19 14:07:12,300084.SZ,S,9.120,100
1434,62,2025-09-19,2025-09-19 14:07:11,301511.SZ,S,36.290,100
1435,61,2025-09-19,2025-09-19 14:07:06,300084.SZ,S,9.120,100
1436,62,2025-09-19,2025-09-19 14:06:59,605305.SH,S,40.480,300
1437,61,2025-09-19,2025-09-19 14:06:58,300765.SZ,B,51.180,200
1438,60,2025-09-19,2025-09-19 14:06:56,600704.SH,B,6.000,10700
1439,58,2025-09-19,2025-09-19 14:06:57,300276.SZ,S,11.060,300
1440,61,2025-09-19,2025-09-19 14:06:55,603969.SH,S,10.320,900
1441,61,2025-09-19,2025-09-19 14:06:55,300747.SZ,S,27.370,100
1442,61,2025-09-19,2025-09-19 14:06:55,002815.SZ,S,16.890,600
1443,59,2025-09-19,2025-09-19 14:06:55,300747.SZ,S,27.370,100
1444,59,2025-09-19,2025-09-19 14:06:55,603969.SH,S,10.320,1000
1445,44,2025-09-19,2025-09-19 14:06:52,002567.SZ,S,4.860,1200
1446,58,2025-09-19,2025-09-19 14:06:53,603969.SH,S,10.310,800
1447,60,2025-09-19,2025-09-19 14:06:52,600699.SH,S,37.230,200
1448,58,2025-09-19,2025-09-19 14:06:50,688108.SH,B,28.270,200
1449,44,2025-09-19,2025-09-19 14:06:48,600284.SH,S,9.610,100
1450,60,2025-09-19,2025-09-19 14:06:46,603920.SH,S,47.360,100
1451,60,2025-09-19,2025-09-19 14:06:42,600704.SH,B,6.000,427
1452,60,2025-09-19,2025-09-19 14:06:42,600704.SH,B,6.000,1073
1453,52,2025-09-19,2025-09-19 14:06:13,002170.SZ,S,10.560,100
1454,44,2025-09-19,2025-09-19 14:06:37,002452.SZ,B,7.440,200
1455,44,2025-09-19,2025-09-19 14:06:37,002452.SZ,B,7.440,200
1456,60,2025-09-19,2025-09-19 14:06:36,603920.SH,S,47.350,100
1457,60,2025-09-19,2025-09-19 14:06:35,600346.SH,S,16.950,400
1458,62,2025-09-19,2025-09-19 14:06:32,600452.SH,B,9.530,1900
1459,60,2025-09-19,2025-09-19 14:06:32,601003.SH,B,5.360,700
1460,60,2025-09-19,2025-09-19 14:06:31,601899.SH,S,25.010,1700
1461,52,2025-09-19,2025-09-19 14:06:25,002676.SZ,S,10.530,100
1462,60,2025-09-19,2025-09-19 14:06:24,600864.SH,B,7.190,2300
1463,44,2025-09-19,2025-09-19 14:06:24,600582.SH,B,6.010,100
1464,58,2025-09-19,2025-09-19 14:06:23,000659.SZ,B,2.920,400
1465,60,2025-09-19,2025-09-19 14:06:18,002916.SZ,S,195.150,100
1466,60,2025-09-19,2025-09-19 14:06:17,002916.SZ,S,195.150,100
1467,60,2025-09-19,2025-09-19 14:06:17,002916.SZ,S,195.160,100
1468,44,2025-09-19,2025-09-19 14:06:18,601002.SH,B,5.240,100
1469,58,2025-09-19,2025-09-19 14:06:15,002679.SZ,B,10.500,100
1470,58,2025-09-19,2025-09-19 14:06:15,002679.SZ,B,10.500,100
1471,58,2025-09-19,2025-09-19 14:06:15,002679.SZ,B,10.500,100
1472,58,2025-09-19,2025-09-19 14:06:15,002679.SZ,B,10.500,100
1473,58,2025-09-19,2025-09-19 14:06:13,002126.SZ,S,40.290,200
1474,58,2025-09-19,2025-09-19 14:06:13,002126.SZ,S,40.290,100
1475,58,2025-09-19,2025-09-19 14:06:13,002126.SZ,S,40.290,100
1476,58,2025-09-19,2025-09-19 14:06:13,002126.SZ,S,40.290,100
1477,62,2025-09-19,2025-09-19 14:06:05,601298.SH,B,8.680,400
1478,61,2025-09-19,2025-09-19 14:06:01,000592.SZ,B,3.420,200
1479,61,2025-09-19,2025-09-19 14:06:01,000592.SZ,B,3.420,100
1480,44,2025-09-19,2025-09-19 14:05:57,002398.SZ,S,5.070,100
1481,44,2025-09-19,2025-09-19 14:05:57,002398.SZ,S,5.070,100
1482,44,2025-09-19,2025-09-19 14:05:57,002398.SZ,S,5.070,200
1483,61,2025-09-19,2025-09-19 14:05:57,002815.SZ,S,16.870,400
1484,58,2025-09-19,2025-09-19 14:05:57,002182.SZ,S,15.420,500
1485,58,2025-09-19,2025-09-19 14:05:55,688590.SH,S,22.320,200
1486,52,2025-09-19,2025-09-19 14:05:56,300276.SZ,S,11.050,200
1487,60,2025-09-19,2025-09-19 14:05:50,600864.SH,B,7.190,500
1488,59,2025-09-19,2025-09-19 14:05:50,300592.SZ,S,11.760,200
1489,62,2025-09-19,2025-09-19 14:05:44,605168.SH,S,30.960,200
1490,44,2025-09-19,2025-09-19 14:05:42,600962.SH,B,20.750,200
1491,44,2025-09-19,2025-09-19 14:05:37,600699.SH,S,37.250,100
1492,61,2025-09-19,2025-09-19 14:05:37,300592.SZ,S,11.760,500
1493,60,2025-09-19,2025-09-19 14:05:34,300761.SZ,S,22.830,200
1494,60,2025-09-19,2025-09-19 14:05:34,300761.SZ,S,22.830,100
1495,44,2025-09-19,2025-09-19 14:05:31,603920.SH,S,47.390,200
1496,58,2025-09-19,2025-09-19 14:05:30,688108.SH,B,28.290,200
1497,58,2025-09-19,2025-09-19 14:05:28,688108.SH,B,28.290,200
1498,58,2025-09-19,2025-09-19 14:05:27,603035.SH,S,16.210,100
1499,58,2025-09-19,2025-09-19 14:05:24,600239.SH,B,2.640,400
1500,61,2025-09-19,2025-09-19 14:05:10,002100.SZ,S,7.640,300
1501,44,2025-09-19,2025-09-19 14:05:09,000717.SZ,S,2.810,2100
1502,52,2025-09-19,2025-09-19 14:03:55,300043.SZ,S,6.990,800
1503,58,2025-09-19,2025-09-19 14:04:49,002815.SZ,S,16.870,600
1504,58,2025-09-19,2025-09-19 14:04:49,002815.SZ,S,16.870,500
1505,58,2025-09-19,2025-09-19 14:04:49,002815.SZ,S,16.870,1200
1506,61,2025-09-19,2025-09-19 14:04:50,002815.SZ,S,16.870,100
1507,61,2025-09-19,2025-09-19 14:04:49,002815.SZ,S,16.870,100
1508,59,2025-09-19,2025-09-19 14:04:49,002815.SZ,S,16.870,300
1509,44,2025-09-19,2025-09-19 14:04:47,601179.SH,S,6.510,600
1510,52,2025-09-19,2025-09-19 14:04:41,002624.SZ,S,19.420,100
1511,52,2025-09-19,2025-09-19 14:04:37,300258.SZ,S,16.020,78
1512,52,2025-09-19,2025-09-19 14:04:37,300258.SZ,S,16.020,22
1513,52,2025-09-19,2025-09-19 14:04:02,600016.SH,B,4.070,100
1514,52,2025-09-19,2025-09-19 14:03:47,300158.SZ,B,7.370,900
1515,61,2025-09-19,2025-09-19 14:04:29,603500.SH,B,11.250,100
1516,52,2025-09-19,2025-09-19 14:04:19,002645.SZ,B,14.660,100
1517,61,2025-09-19,2025-09-19 14:04:26,603500.SH,B,11.250,200
1518,58,2025-09-19,2025-09-19 14:04:18,688108.SH,B,28.270,400
1519,58,2025-09-19,2025-09-19 14:04:16,000813.SZ,B,4.390,400
1520,59,2025-09-19,2025-09-19 14:04:16,000813.SZ,B,4.390,100
1521,44,2025-09-19,2025-09-19 14:04:13,600452.SH,B,9.490,600
1522,58,2025-09-19,2025-09-19 14:04:14,300158.SZ,B,7.370,2100
1523,58,2025-09-19,2025-09-19 14:04:10,300747.SZ,S,27.330,100
1524,61,2025-09-19,2025-09-19 14:04:08,002225.SZ,S,5.820,200
1525,61,2025-09-19,2025-09-19 14:04:03,002520.SZ,B,6.940,300
1526,61,2025-09-19,2025-09-19 14:03:57,002225.SZ,S,5.820,100
1527,44,2025-09-19,2025-09-19 14:03:56,603929.SH,S,41.070,100
1528,58,2025-09-19,2025-09-19 14:03:55,002491.SZ,B,6.000,400
1529,44,2025-09-19,2025-09-19 14:03:54,300043.SZ,S,6.980,400
1530,61,2025-09-19,2025-09-19 14:03:47,002858.SZ,S,15.510,300
1531,44,2025-09-19,2025-09-19 14:03:45,600995.SH,B,11.720,100
1532,52,2025-09-19,2025-09-19 14:01:28,000056.SZ,S,2.890,400
1533,44,2025-09-19,2025-09-19 14:03:43,002965.SZ,B,45.660,100
1534,44,2025-09-19,2025-09-19 14:03:43,600995.SH,B,11.720,200
1535,61,2025-09-19,2025-09-19 14:03:43,300057.SZ,S,6.330,300
1536,61,2025-09-19,2025-09-19 14:03:40,002642.SZ,B,9.820,300
1537,58,2025-09-19,2025-09-19 14:03:37,002506.SZ,B,2.620,400
1538,44,2025-09-19,2025-09-19 14:03:35,000682.SZ,B,11.820,600
1539,58,2025-09-19,2025-09-19 14:03:34,002421.SZ,B,3.520,400
1540,52,2025-09-19,2025-09-19 14:02:15,002491.SZ,S,6.000,200
1541,52,2025-09-19,2025-09-19 14:03:32,300456.SZ,B,26.300,100
1542,58,2025-09-19,2025-09-19 14:03:28,300456.SZ,B,26.290,100
1543,58,2025-09-19,2025-09-19 14:03:26,300456.SZ,B,26.290,100
1544,60,2025-09-19,2025-09-19 14:03:24,601868.SH,B,2.450,700
1545,44,2025-09-19,2025-09-19 14:03:23,601669.SH,B,5.690,3200
1546,60,2025-09-19,2025-09-19 14:03:23,300394.SZ,B,186.180,100
1547,59,2025-09-19,2025-09-19 14:03:21,002445.SZ,B,2.740,100
1548,62,2025-09-19,2025-09-19 14:03:17,600020.SH,S,4.290,1200
1549,44,2025-09-19,2025-09-19 14:03:15,300456.SZ,B,26.280,200
1550,62,2025-09-19,2025-09-19 14:03:14,600675.SH,B,2.990,1700
1551,62,2025-09-19,2025-09-19 14:03:13,601997.SH,B,5.860,200
1552,44,2025-09-19,2025-09-19 14:03:11,002311.SZ,B,63.400,100
1553,59,2025-09-19,2025-09-19 14:03:10,300043.SZ,S,6.970,800
1554,59,2025-09-19,2025-09-19 14:03:10,300043.SZ,S,6.970,100
1555,61,2025-09-19,2025-09-19 14:02:59,002815.SZ,S,16.810,300
1556,59,2025-09-19,2025-09-19 14:02:59,002100.SZ,B,7.610,100
1557,44,2025-09-19,2025-09-19 14:02:54,600866.SH,S,7.400,100
1558,60,2025-09-19,2025-09-19 14:02:55,300069.SZ,B,19.830,200
1559,60,2025-09-19,2025-09-19 14:02:55,300069.SZ,B,19.830,200
1560,60,2025-09-19,2025-09-19 14:02:55,300069.SZ,B,19.830,200
1561,44,2025-09-19,2025-09-19 14:02:54,002174.SZ,S,12.140,600
1562,61,2025-09-19,2025-09-19 14:02:54,000603.SZ,B,20.290,100
1563,61,2025-09-19,2025-09-19 14:02:54,000603.SZ,B,20.290,200
1564,59,2025-09-19,2025-09-19 14:02:51,300950.SZ,S,31.110,100
1565,52,2025-09-19,2025-09-19 14:02:46,600052.SH,S,5.340,200
1566,61,2025-09-19,2025-09-19 14:02:47,688590.SH,S,22.260,200
1567,61,2025-09-19,2025-09-19 14:02:48,603328.SH,B,12.070,500
1568,59,2025-09-19,2025-09-19 14:02:48,603328.SH,B,12.070,300
1569,44,2025-09-19,2025-09-19 14:02:43,002701.SZ,S,5.620,300
1570,58,2025-09-19,2025-09-19 14:02:40,600728.SH,S,7.100,300
1571,52,2025-09-19,2025-09-19 14:01:19,600728.SH,S,7.100,100
1572,61,2025-09-19,2025-09-19 14:02:39,603328.SH,B,12.070,100
1573,61,2025-09-19,2025-09-19 14:02:39,603328.SH,B,12.070,100
1574,61,2025-09-19,2025-09-19 14:02:37,601311.SH,S,10.930,300
1575,52,2025-09-19,2025-09-19 14:02:06,002418.SZ,B,4.680,100
1576,59,2025-09-19,2025-09-19 14:02:31,300456.SZ,B,26.280,200
1577,44,2025-09-19,2025-09-19 14:02:29,300102.SZ,B,12.450,300
1578,52,2025-09-19,2025-09-19 14:02:05,600266.SH,S,5.130,100
1579,61,2025-09-19,2025-09-19 14:02:26,300456.SZ,B,26.280,500
1580,61,2025-09-19,2025-09-19 14:02:26,300456.SZ,B,26.280,100
1581,61,2025-09-19,2025-09-19 14:02:25,300456.SZ,B,26.280,100
1582,44,2025-09-19,2025-09-19 14:02:23,300737.SZ,B,5.090,100
1583,60,2025-09-19,2025-09-19 14:02:23,601333.SH,B,3.280,1000
1584,44,2025-09-19,2025-09-19 14:02:18,688208.SH,S,38.140,300
1585,61,2025-09-19,2025-09-19 14:02:16,600490.SH,S,6.100,300
1586,61,2025-09-19,2025-09-19 14:02:16,002516.SZ,S,6.150,300
1587,44,2025-09-19,2025-09-19 14:02:15,600163.SH,B,5.200,200
1588,44,2025-09-19,2025-09-19 14:02:14,300365.SZ,S,6.330,200
1589,60,2025-09-19,2025-09-19 14:02:12,300021.SZ,B,5.040,100
1590,44,2025-09-19,2025-09-19 14:02:12,300345.SZ,B,7.070,400
1591,61,2025-09-19,2025-09-19 14:02:09,688373.SH,B,8.040,1051
1592,60,2025-09-19,2025-09-19 14:02:09,600745.SH,B,47.060,100
1593,61,2025-09-19,2025-09-19 14:02:09,603035.SH,S,16.150,100
1594,61,2025-09-19,2025-09-19 14:02:08,002212.SZ,B,9.950,300
1595,52,2025-09-19,2025-09-19 14:02:06,002736.SZ,B,13.210,100
1596,58,2025-09-19,2025-09-19 14:02:07,600226.SH,S,4.140,300
1597,60,2025-09-19,2025-09-19 14:02:07,600958.SH,S,10.430,1000
1598,52,2025-09-19,2025-09-19 14:01:19,600226.SH,S,4.140,100
1599,52,2025-09-19,2025-09-19 14:01:31,300592.SZ,S,11.710,100
1600,52,2025-09-19,2025-09-19 14:02:03,002156.SZ,B,34.240,100
1601,58,2025-09-19,2025-09-19 14:02:03,603969.SH,S,10.260,1200
1602,52,2025-09-19,2025-09-19 14:01:26,603969.SH,S,10.260,700
1603,44,2025-09-19,2025-09-19 14:01:57,600864.SH,B,7.160,1700
1604,61,2025-09-19,2025-09-19 14:01:58,300043.SZ,S,6.970,500
1605,61,2025-09-19,2025-09-19 14:01:56,300043.SZ,S,6.970,900
1606,60,2025-09-19,2025-09-19 14:01:55,688009.SH,B,5.290,400
1607,58,2025-09-19,2025-09-19 14:01:50,300592.SZ,S,11.710,600
1608,61,2025-09-19,2025-09-19 14:01:49,600595.SH,S,5.220,100
1609,59,2025-09-19,2025-09-19 14:01:49,600595.SH,S,5.220,100
1610,52,2025-09-19,2025-09-19 14:01:28,600595.SH,S,5.220,100
1611,52,2025-09-19,2025-09-19 14:01:36,300328.SZ,B,18.540,100
1612,44,2025-09-19,2025-09-19 14:01:40,000061.SZ,S,9.220,300
1613,61,2025-09-19,2025-09-19 14:01:40,601001.SH,S,14.220,300
1614,59,2025-09-19,2025-09-19 14:01:40,601001.SH,S,14.220,100
1615,58,2025-09-19,2025-09-19 14:01:39,000564.SZ,S,2.750,2300
1616,61,2025-09-19,2025-09-19 14:01:39,000564.SZ,S,2.750,1900
1617,59,2025-09-19,2025-09-19 14:01:39,000564.SZ,S,2.750,800
1618,52,2025-09-19,2025-09-19 14:01:19,000564.SZ,S,2.750,1100
1619,61,2025-09-19,2025-09-19 14:01:37,002531.SZ,S,7.870,400
1620,52,2025-09-19,2025-09-19 14:01:19,002195.SZ,B,8.020,800
1621,60,2025-09-19,2025-09-19 14:01:34,002271.SZ,S,12.660,600
1622,61,2025-09-19,2025-09-19 14:01:32,600601.SH,S,11.390,100
1623,60,2025-09-19,2025-09-19 14:01:25,300602.SZ,S,33.850,100
1624,59,2025-09-19,2025-09-19 14:01:26,300258.SZ,S,15.990,100
1625,61,2025-09-19,2025-09-19 14:01:26,300258.SZ,S,15.990,400
1626,59,2025-09-19,2025-09-19 14:01:26,002622.SZ,B,4.060,100
1627,44,2025-09-19,2025-09-19 14:01:24,601801.SH,S,6.610,300
1628,58,2025-09-19,2025-09-19 14:01:21,601001.SH,S,14.220,100
1629,61,2025-09-19,2025-09-19 14:01:20,603969.SH,S,10.220,900
1630,52,2025-09-19,2025-09-19 14:01:20,601001.SH,S,14.220,100
1631,52,2025-09-19,2025-09-19 14:01:19,600675.SH,S,2.980,100
1632,61,2025-09-19,2025-09-19 14:01:18,600239.SH,S,2.630,300
1633,60,2025-09-19,2025-09-19 14:01:03,603019.SH,B,106.420,100
1634,60,2025-09-19,2025-09-19 14:00:46,601336.SH,B,59.040,100
1635,44,2025-09-19,2025-09-19 14:00:46,601886.SH,B,7.320,400
