,fund_id,trade_dt,trade_time,s_info_windcode,direction,price,qty
0,59,2025-10-10,2025-10-10 14:56:53,300185.SZ,S,3.250,400
1,63,2025-10-10,2025-10-10 14:56:53,600050.SH,S,5.530,2900
2,61,2025-10-10,2025-10-10 14:56:53,300185.SZ,S,3.250,100
3,52,2025-10-10,2025-10-10 14:56:46,600169.SH,S,2.680,100
4,52,2025-10-10,2025-10-10 14:56:46,002535.SZ,B,4.030,200
5,58,2025-10-10,2025-10-10 14:56:31,688372.SH,B,82.580,347
6,52,2025-10-10,2025-10-10 14:53:42,600400.SH,S,2.820,3400
7,52,2025-10-10,2025-10-10 14:56:28,300499.SZ,B,32.100,200
8,58,2025-10-10,2025-10-10 14:56:26,300115.SZ,B,37.420,600
9,52,2025-10-10,2025-10-10 14:56:27,002796.SZ,S,19.520,300
10,61,2025-10-10,2025-10-10 14:56:27,002778.SZ,S,21.500,400
11,58,2025-10-10,2025-10-10 14:56:23,002778.SZ,S,21.500,200
12,58,2025-10-10,2025-10-10 14:56:23,002778.SZ,S,21.500,100
13,58,2025-10-10,2025-10-10 14:56:23,000703.SZ,S,6.840,600
14,58,2025-10-10,2025-10-10 14:56:21,600400.SH,S,2.820,800
15,58,2025-10-10,2025-10-10 14:56:21,600400.SH,S,2.820,2000
16,58,2025-10-10,2025-10-10 14:56:21,600400.SH,S,2.820,6200
17,61,2025-10-10,2025-10-10 14:56:19,001202.SZ,S,15.730,200
18,52,2025-10-10,2025-10-10 14:56:15,002778.SZ,S,21.500,100
19,52,2025-10-10,2025-10-10 14:56:15,002778.SZ,S,21.500,200
20,63,2025-10-10,2025-10-10 14:56:16,600028.SH,S,5.370,200
21,59,2025-10-10,2025-10-10 14:56:15,600400.SH,S,2.820,2800
22,59,2025-10-10,2025-10-10 14:56:15,600400.SH,S,2.820,1100
23,63,2025-10-10,2025-10-10 14:56:14,603269.SH,S,13.340,100
24,63,2025-10-10,2025-10-10 14:56:14,603269.SH,S,13.340,100
25,63,2025-10-10,2025-10-10 14:56:14,603269.SH,S,13.340,100
26,63,2025-10-10,2025-10-10 14:56:14,603269.SH,S,13.340,100
27,61,2025-10-10,2025-10-10 14:56:14,603269.SH,S,13.340,100
28,61,2025-10-10,2025-10-10 14:56:13,600400.SH,S,2.820,10400
29,63,2025-10-10,2025-10-10 14:56:13,600400.SH,S,2.820,4300
30,63,2025-10-10,2025-10-10 14:56:13,002772.SZ,S,10.390,200
31,63,2025-10-10,2025-10-10 14:56:13,002772.SZ,S,10.390,100
32,63,2025-10-10,2025-10-10 14:56:12,002772.SZ,S,10.390,100
33,58,2025-10-10,2025-10-10 14:56:12,002256.SZ,B,3.140,200
34,52,2025-10-10,2025-10-10 14:56:11,600050.SH,S,5.530,100
35,63,2025-10-10,2025-10-10 14:56:11,002772.SZ,S,10.390,100
36,59,2025-10-10,2025-10-10 14:56:11,000889.SZ,S,3.570,1000
37,63,2025-10-10,2025-10-10 14:56:10,601919.SH,S,14.490,920
38,63,2025-10-10,2025-10-10 14:56:10,601919.SH,S,14.490,580
39,58,2025-10-10,2025-10-10 14:56:09,688062.SH,B,44.720,463
40,59,2025-10-10,2025-10-10 14:56:08,603595.SH,B,23.170,300
41,58,2025-10-10,2025-10-10 14:56:07,002796.SZ,S,19.510,1700
42,58,2025-10-10,2025-10-10 14:56:07,002796.SZ,S,19.570,500
43,52,2025-10-10,2025-10-10 14:56:07,002796.SZ,S,19.510,500
44,61,2025-10-10,2025-10-10 14:56:02,002772.SZ,S,10.400,200
45,61,2025-10-10,2025-10-10 14:56:02,002772.SZ,S,10.400,100
46,61,2025-10-10,2025-10-10 14:56:02,002772.SZ,S,10.400,200
47,61,2025-10-10,2025-10-10 14:56:02,002772.SZ,S,10.400,100
48,61,2025-10-10,2025-10-10 14:56:02,000009.SZ,S,12.150,100
49,61,2025-10-10,2025-10-10 14:56:01,002772.SZ,S,10.400,100
50,61,2025-10-10,2025-10-10 14:55:59,002772.SZ,S,10.400,100
51,61,2025-10-10,2025-10-10 14:55:59,002772.SZ,S,10.400,400
52,52,2025-10-10,2025-10-10 14:55:56,000523.SZ,S,3.180,100
53,61,2025-10-10,2025-10-10 14:55:37,300499.SZ,B,31.930,200
54,52,2025-10-10,2025-10-10 14:55:31,002772.SZ,S,10.390,400
55,58,2025-10-10,2025-10-10 14:55:16,301257.SZ,B,44.370,100
56,63,2025-10-10,2025-10-10 14:54:38,600337.SH,S,2.370,1000
57,63,2025-10-10,2025-10-10 14:54:35,002210.SZ,S,3.850,1500
58,61,2025-10-10,2025-10-10 14:54:32,600658.SH,S,5.530,600
59,52,2025-10-10,2025-10-10 14:54:23,600239.SH,B,2.620,200
60,58,2025-10-10,2025-10-10 14:54:21,600239.SH,B,2.620,600
61,52,2025-10-10,2025-10-10 14:49:39,002210.SZ,S,3.850,100
62,58,2025-10-10,2025-10-10 14:54:09,002354.SZ,B,6.950,200
63,63,2025-10-10,2025-10-10 14:53:57,601288.SH,S,6.820,700
64,63,2025-10-10,2025-10-10 14:53:57,601288.SH,S,6.820,4400
65,63,2025-10-10,2025-10-10 14:53:57,601288.SH,S,6.820,1400
66,63,2025-10-10,2025-10-10 14:53:51,688012.SH,B,296.820,392
67,61,2025-10-10,2025-10-10 14:53:43,688593.SH,B,20.890,624
68,58,2025-10-10,2025-10-10 14:53:32,603667.SH,B,44.080,100
69,59,2025-10-10,2025-10-10 14:53:33,603595.SH,B,23.160,300
70,52,2025-10-10,2025-10-10 14:53:32,603667.SH,B,44.080,100
71,61,2025-10-10,2025-10-10 14:53:32,002269.SZ,B,2.380,200
72,59,2025-10-10,2025-10-10 14:53:29,605028.SH,S,26.480,100
73,52,2025-10-10,2025-10-10 14:53:28,688189.SH,S,7.960,243
74,58,2025-10-10,2025-10-10 14:53:29,688189.SH,S,7.960,738
75,63,2025-10-10,2025-10-10 14:53:27,601658.SH,B,5.650,100
76,61,2025-10-10,2025-10-10 14:53:12,300131.SZ,B,10.790,200
77,61,2025-10-10,2025-10-10 14:53:12,300131.SZ,B,10.790,100
78,58,2025-10-10,2025-10-10 14:53:12,300843.SZ,B,52.860,200
79,61,2025-10-10,2025-10-10 14:53:11,301307.SZ,S,33.890,100
80,58,2025-10-10,2025-10-10 14:53:05,605028.SH,S,26.460,400
81,61,2025-10-10,2025-10-10 14:53:04,603278.SH,S,10.690,300
82,59,2025-10-10,2025-10-10 14:53:03,603278.SH,S,10.690,100
83,58,2025-10-10,2025-10-10 14:52:58,603278.SH,S,10.690,200
84,52,2025-10-10,2025-10-10 14:52:57,603278.SH,S,10.690,100
85,63,2025-10-10,2025-10-10 14:52:54,601919.SH,S,14.500,100
86,63,2025-10-10,2025-10-10 14:52:54,601919.SH,S,14.500,100
87,63,2025-10-10,2025-10-10 14:52:54,601919.SH,S,14.500,100
88,58,2025-10-10,2025-10-10 14:52:49,600169.SH,B,2.680,200
89,52,2025-10-10,2025-10-10 14:52:44,300846.SZ,B,23.210,300
90,58,2025-10-10,2025-10-10 14:52:40,603920.SH,B,43.470,100
91,58,2025-10-10,2025-10-10 14:52:38,300846.SZ,B,23.220,200
92,58,2025-10-10,2025-10-10 14:52:37,300738.SZ,B,20.770,400
93,63,2025-10-10,2025-10-10 14:52:35,601229.SH,B,9.170,100
94,63,2025-10-10,2025-10-10 14:52:34,300502.SZ,B,347.200,100
95,58,2025-10-10,2025-10-10 14:52:31,002772.SZ,S,10.400,1800
96,61,2025-10-10,2025-10-10 14:52:31,300738.SZ,B,20.760,500
97,61,2025-10-10,2025-10-10 14:52:30,002922.SZ,S,22.810,200
98,59,2025-10-10,2025-10-10 14:52:22,002796.SZ,S,19.510,300
99,58,2025-10-10,2025-10-10 14:52:19,300185.SZ,B,3.250,200
100,58,2025-10-10,2025-10-10 14:52:19,002210.SZ,S,3.850,300
101,63,2025-10-10,2025-10-10 14:52:16,002796.SZ,S,19.510,600
102,59,2025-10-10,2025-10-10 14:52:13,002210.SZ,S,3.850,100
103,61,2025-10-10,2025-10-10 14:52:13,002210.SZ,S,3.850,300
104,63,2025-10-10,2025-10-10 14:52:13,002210.SZ,S,3.850,1900
105,61,2025-10-10,2025-10-10 14:52:12,600638.SH,S,6.070,600
106,63,2025-10-10,2025-10-10 14:52:12,600638.SH,S,6.070,600
107,59,2025-10-10,2025-10-10 14:52:12,600638.SH,S,6.070,4400
108,61,2025-10-10,2025-10-10 14:52:08,688362.SH,B,35.280,403
109,61,2025-10-10,2025-10-10 14:52:07,002796.SZ,S,19.450,1000
110,61,2025-10-10,2025-10-10 14:52:07,002040.SZ,S,10.290,100
111,61,2025-10-10,2025-10-10 14:52:05,600217.SH,S,4.310,100
112,52,2025-10-10,2025-10-10 14:47:28,300185.SZ,S,3.250,100
113,58,2025-10-10,2025-10-10 14:51:53,002987.SZ,B,20.980,200
114,63,2025-10-10,2025-10-10 14:51:48,300115.SZ,B,37.350,100
115,61,2025-10-10,2025-10-10 14:51:47,300115.SZ,B,37.350,300
116,58,2025-10-10,2025-10-10 14:51:44,300687.SZ,B,28.180,200
117,59,2025-10-10,2025-10-10 14:51:45,002354.SZ,S,6.960,400
118,61,2025-10-10,2025-10-10 14:51:41,300846.SZ,B,23.200,500
119,58,2025-10-10,2025-10-10 14:51:40,002100.SZ,S,7.690,100
120,58,2025-10-10,2025-10-10 14:51:40,002100.SZ,S,7.690,400
121,58,2025-10-10,2025-10-10 14:51:35,002778.SZ,S,21.570,300
122,63,2025-10-10,2025-10-10 14:51:35,600025.SH,S,9.710,200
123,58,2025-10-10,2025-10-10 14:51:30,002778.SZ,S,21.570,100
124,61,2025-10-10,2025-10-10 14:51:29,600169.SH,B,2.680,100
125,58,2025-10-10,2025-10-10 14:51:27,603527.SH,B,11.500,200
126,58,2025-10-10,2025-10-10 14:51:27,002778.SZ,S,21.570,100
127,61,2025-10-10,2025-10-10 14:51:27,600169.SH,B,2.680,100
128,63,2025-10-10,2025-10-10 14:51:27,600233.SH,S,17.990,200
129,59,2025-10-10,2025-10-10 14:51:20,001202.SZ,S,15.720,200
130,52,2025-10-10,2025-10-10 14:51:14,300769.SZ,S,42.060,100
131,61,2025-10-10,2025-10-10 14:51:14,001202.SZ,S,15.720,200
132,63,2025-10-10,2025-10-10 14:51:11,600233.SH,S,17.990,200
133,61,2025-10-10,2025-10-10 14:50:59,688343.SH,B,81.700,175
134,61,2025-10-10,2025-10-10 14:50:59,688343.SH,B,81.700,181
135,52,2025-10-10,2025-10-10 14:50:43,600816.SH,S,3.080,100
136,52,2025-10-10,2025-10-10 14:50:40,600029.SH,S,6.080,100
137,59,2025-10-10,2025-10-10 14:50:40,000592.SZ,S,3.600,300
138,52,2025-10-10,2025-10-10 14:50:32,300588.SZ,B,19.580,200
139,58,2025-10-10,2025-10-10 14:50:31,300738.SZ,B,20.740,200
140,63,2025-10-10,2025-10-10 14:50:30,603166.SH,S,19.070,300
141,52,2025-10-10,2025-10-10 14:50:26,603166.SH,S,19.070,100
142,61,2025-10-10,2025-10-10 14:50:29,002256.SZ,B,3.140,200
143,52,2025-10-10,2025-10-10 14:50:25,600638.SH,S,6.070,4500
144,63,2025-10-10,2025-10-10 14:50:26,600638.SH,S,6.070,2300
145,61,2025-10-10,2025-10-10 14:50:26,000514.SZ,S,5.460,100
146,59,2025-10-10,2025-10-10 14:50:26,000514.SZ,S,5.460,100
147,61,2025-10-10,2025-10-10 14:50:26,605028.SH,S,26.410,100
148,61,2025-10-10,2025-10-10 14:50:25,600638.SH,S,6.060,12900
149,61,2025-10-10,2025-10-10 14:50:26,605028.SH,S,26.410,300
150,52,2025-10-10,2025-10-10 14:50:22,603269.SH,S,13.350,100
151,58,2025-10-10,2025-10-10 14:50:26,603269.SH,S,13.350,200
152,59,2025-10-10,2025-10-10 14:50:25,600638.SH,S,6.070,800
153,63,2025-10-10,2025-10-10 14:50:22,002714.SZ,S,53.120,100
154,61,2025-10-10,2025-10-10 14:50:21,000703.SZ,S,6.840,500
155,58,2025-10-10,2025-10-10 14:50:19,300499.SZ,B,31.400,200
156,63,2025-10-10,2025-10-10 14:50:17,001289.SZ,S,18.030,77
157,63,2025-10-10,2025-10-10 14:50:17,001289.SZ,S,18.030,123
158,61,2025-10-10,2025-10-10 14:50:15,600905.SH,S,4.320,100
159,52,2025-10-10,2025-10-10 14:50:15,002212.SZ,B,9.760,100
160,52,2025-10-10,2025-10-10 14:50:15,002212.SZ,B,9.760,100
161,58,2025-10-10,2025-10-10 14:50:09,300131.SZ,B,10.750,200
162,52,2025-10-10,2025-10-10 14:50:01,300131.SZ,B,10.750,200
163,52,2025-10-10,2025-10-10 14:47:33,600503.SH,S,3.330,100
164,61,2025-10-10,2025-10-10 14:50:06,688343.SH,B,81.570,200
165,63,2025-10-10,2025-10-10 14:50:06,002622.SZ,S,3.120,2200
166,59,2025-10-10,2025-10-10 14:50:05,300846.SZ,B,23.170,600
167,52,2025-10-10,2025-10-10 14:50:04,300115.SZ,B,37.310,800
168,52,2025-10-10,2025-10-10 14:50:04,300846.SZ,B,23.180,200
169,52,2025-10-10,2025-10-10 14:50:04,300738.SZ,B,20.730,200
170,52,2025-10-10,2025-10-10 14:46:20,000725.SZ,S,4.180,200
171,52,2025-10-10,2025-10-10 14:46:25,600658.SH,S,5.530,600
172,58,2025-10-10,2025-10-10 14:49:59,300395.SZ,B,73.410,200
173,63,2025-10-10,2025-10-10 14:49:59,603667.SH,B,43.950,100
174,61,2025-10-10,2025-10-10 14:49:54,300131.SZ,B,10.750,300
175,58,2025-10-10,2025-10-10 14:49:52,688372.SH,B,82.060,73
176,58,2025-10-10,2025-10-10 14:49:52,688372.SH,B,82.080,200
177,63,2025-10-10,2025-10-10 14:49:49,600016.SH,B,3.950,100
178,63,2025-10-10,2025-10-10 14:49:49,300164.SZ,S,5.790,100
179,61,2025-10-10,2025-10-10 14:49:48,002323.SZ,S,1.750,1400
180,59,2025-10-10,2025-10-10 14:49:48,002323.SZ,S,1.750,500
181,58,2025-10-10,2025-10-10 14:49:47,002323.SZ,S,1.750,1200
182,52,2025-10-10,2025-10-10 14:49:47,002323.SZ,S,1.750,300
183,63,2025-10-10,2025-10-10 14:49:47,601868.SH,B,2.480,100
184,52,2025-10-10,2025-10-10 14:49:46,300129.SZ,S,8.310,100
185,58,2025-10-10,2025-10-10 14:49:46,688372.SH,B,82.140,200
186,58,2025-10-10,2025-10-10 14:49:44,002472.SZ,B,46.820,100
187,52,2025-10-10,2025-10-10 14:49:30,600958.SH,S,11.590,100
188,58,2025-10-10,2025-10-10 14:49:38,688372.SH,B,82.140,200
189,52,2025-10-10,2025-10-10 14:49:36,002772.SZ,S,10.400,500
190,52,2025-10-10,2025-10-10 14:46:20,603601.SH,S,5.090,100
191,61,2025-10-10,2025-10-10 14:49:32,600239.SH,S,2.620,100
192,61,2025-10-10,2025-10-10 14:49:31,688593.SH,B,20.780,400
193,61,2025-10-10,2025-10-10 14:49:31,300499.SZ,B,31.400,400
194,58,2025-10-10,2025-10-10 14:49:30,002772.SZ,S,10.390,100
195,58,2025-10-10,2025-10-10 14:49:30,002772.SZ,S,10.390,600
196,61,2025-10-10,2025-10-10 14:49:29,300769.SZ,B,42.000,100
197,61,2025-10-10,2025-10-10 14:49:29,300769.SZ,B,42.000,100
198,63,2025-10-10,2025-10-10 14:49:28,000338.SZ,S,14.330,700
199,63,2025-10-10,2025-10-10 14:49:27,601018.SH,S,3.740,200
200,58,2025-10-10,2025-10-10 14:49:26,002472.SZ,B,46.840,100
201,58,2025-10-10,2025-10-10 14:49:25,603667.SH,B,43.990,100
202,52,2025-10-10,2025-10-10 14:49:25,603667.SH,B,43.970,100
203,61,2025-10-10,2025-10-10 14:49:22,002755.SZ,S,19.960,100
204,63,2025-10-10,2025-10-10 14:49:22,002755.SZ,S,19.960,200
205,58,2025-10-10,2025-10-10 14:49:21,002755.SZ,S,19.960,100
206,59,2025-10-10,2025-10-10 14:49:21,002755.SZ,S,19.960,100
207,58,2025-10-10,2025-10-10 14:49:19,000889.SZ,S,3.550,2300
208,58,2025-10-10,2025-10-10 14:49:19,688062.SH,B,44.400,400
209,63,2025-10-10,2025-10-10 14:49:19,000069.SZ,S,2.600,400
210,52,2025-10-10,2025-10-10 14:49:17,601018.SH,S,3.740,200
211,58,2025-10-10,2025-10-10 14:49:16,600658.SH,S,5.520,1500
212,63,2025-10-10,2025-10-10 14:49:14,601669.SH,S,5.790,200
213,58,2025-10-10,2025-10-10 14:49:14,002040.SZ,S,10.280,100
214,61,2025-10-10,2025-10-10 14:49:13,002778.SZ,S,21.580,500
215,52,2025-10-10,2025-10-10 14:49:12,002040.SZ,S,10.280,100
216,59,2025-10-10,2025-10-10 14:49:13,002778.SZ,S,21.580,300
217,63,2025-10-10,2025-10-10 14:49:13,002778.SZ,S,21.580,300
218,61,2025-10-10,2025-10-10 14:49:11,605033.SH,S,21.830,100
219,58,2025-10-10,2025-10-10 14:49:11,600638.SH,S,6.080,2201
220,58,2025-10-10,2025-10-10 14:49:11,600638.SH,S,6.080,9699
221,52,2025-10-10,2025-10-10 14:48:42,000703.SZ,S,6.840,400
222,63,2025-10-10,2025-10-10 14:49:05,300207.SZ,B,31.120,300
223,52,2025-10-10,2025-10-10 14:49:04,601728.SH,S,6.750,200
224,58,2025-10-10,2025-10-10 14:49:03,000703.SZ,S,6.840,900
225,61,2025-10-10,2025-10-10 14:48:58,603920.SH,B,43.320,200
226,58,2025-10-10,2025-10-10 14:48:58,603920.SH,B,43.330,100
227,59,2025-10-10,2025-10-10 14:48:57,002468.SZ,S,17.480,200
228,61,2025-10-10,2025-10-10 14:48:57,002468.SZ,S,17.480,500
229,52,2025-10-10,2025-10-10 14:46:50,000813.SZ,S,4.260,100
230,58,2025-10-10,2025-10-10 14:48:55,002468.SZ,S,17.480,400
231,63,2025-10-10,2025-10-10 14:48:55,600637.SH,S,9.900,200
232,52,2025-10-10,2025-10-10 14:48:55,002468.SZ,S,17.480,100
233,59,2025-10-10,2025-10-10 14:48:54,002536.SZ,S,24.450,100
234,52,2025-10-10,2025-10-10 14:48:54,002174.SZ,S,11.410,100
235,58,2025-10-10,2025-10-10 14:48:35,301257.SZ,B,44.300,100
236,58,2025-10-10,2025-10-10 14:48:32,300925.SZ,B,26.130,200
237,63,2025-10-10,2025-10-10 14:48:28,000629.SZ,S,3.110,9200
238,52,2025-10-10,2025-10-10 14:48:21,002960.SZ,B,12.690,200
239,59,2025-10-10,2025-10-10 14:48:22,002708.SZ,S,14.000,200
240,61,2025-10-10,2025-10-10 14:48:22,002708.SZ,S,14.000,600
241,59,2025-10-10,2025-10-10 14:48:21,000703.SZ,S,6.840,300
242,59,2025-10-10,2025-10-10 14:48:21,000703.SZ,S,6.840,300
243,61,2025-10-10,2025-10-10 14:48:21,000703.SZ,S,6.840,1100
244,52,2025-10-10,2025-10-10 14:48:12,002736.SZ,S,14.220,200
245,63,2025-10-10,2025-10-10 14:48:18,601336.SH,S,62.700,100
246,61,2025-10-10,2025-10-10 14:48:17,600303.SH,S,3.920,300
247,63,2025-10-10,2025-10-10 14:48:17,600303.SH,S,3.920,200
248,61,2025-10-10,2025-10-10 14:48:17,000629.SZ,B,3.110,100
249,61,2025-10-10,2025-10-10 14:48:17,000629.SZ,B,3.110,100
250,59,2025-10-10,2025-10-10 14:48:16,002922.SZ,S,22.760,200
251,59,2025-10-10,2025-10-10 14:48:17,600303.SH,S,3.920,100
252,58,2025-10-10,2025-10-10 14:48:17,600303.SH,S,3.920,300
253,58,2025-10-10,2025-10-10 14:48:16,000629.SZ,B,3.110,200
254,61,2025-10-10,2025-10-10 14:48:15,002922.SZ,S,22.760,300
255,61,2025-10-10,2025-10-10 14:48:05,002531.SZ,S,8.460,100
256,58,2025-10-10,2025-10-10 14:48:03,002708.SZ,S,14.000,600
257,52,2025-10-10,2025-10-10 14:48:01,002708.SZ,S,14.000,200
258,58,2025-10-10,2025-10-10 14:48:01,300042.SZ,B,28.950,200
259,59,2025-10-10,2025-10-10 14:47:56,300738.SZ,B,20.740,300
260,59,2025-10-10,2025-10-10 14:47:56,300738.SZ,B,20.740,200
261,59,2025-10-10,2025-10-10 14:47:56,300738.SZ,B,20.740,100
262,58,2025-10-10,2025-10-10 14:47:55,603936.SH,B,12.540,200
263,58,2025-10-10,2025-10-10 14:47:53,002922.SZ,S,22.750,100
264,58,2025-10-10,2025-10-10 14:47:53,002922.SZ,S,22.760,300
265,52,2025-10-10,2025-10-10 14:47:51,002922.SZ,S,22.750,100
266,61,2025-10-10,2025-10-10 14:47:49,300007.SZ,B,59.020,200
267,52,2025-10-10,2025-10-10 14:47:39,000514.SZ,S,5.460,100
268,59,2025-10-10,2025-10-10 14:47:40,600658.SH,S,5.520,700
269,52,2025-10-10,2025-10-10 14:47:39,002396.SZ,B,29.050,200
270,61,2025-10-10,2025-10-10 14:47:37,600658.SH,S,5.520,500
271,61,2025-10-10,2025-10-10 14:47:37,600658.SH,S,5.520,100
272,61,2025-10-10,2025-10-10 14:47:37,600658.SH,S,5.520,500
273,59,2025-10-10,2025-10-10 14:47:36,002772.SZ,S,10.410,500
274,59,2025-10-10,2025-10-10 14:47:36,002772.SZ,S,10.410,400
275,52,2025-10-10,2025-10-10 14:47:30,600303.SH,S,3.920,400
276,59,2025-10-10,2025-10-10 14:47:34,002772.SZ,S,10.410,100
277,59,2025-10-10,2025-10-10 14:47:34,002772.SZ,S,10.410,100
278,63,2025-10-10,2025-10-10 14:47:34,002772.SZ,S,10.410,800
279,61,2025-10-10,2025-10-10 14:47:34,002772.SZ,S,10.410,100
280,61,2025-10-10,2025-10-10 14:47:32,688343.SH,B,81.500,200
281,61,2025-10-10,2025-10-10 14:47:32,300115.SZ,B,37.280,100
282,61,2025-10-10,2025-10-10 14:47:32,300115.SZ,B,37.280,200
283,61,2025-10-10,2025-10-10 14:47:32,688449.SH,B,57.130,363
284,63,2025-10-10,2025-10-10 14:47:30,002456.SZ,B,12.840,100
285,63,2025-10-10,2025-10-10 14:47:30,300476.SZ,B,264.660,100
286,61,2025-10-10,2025-10-10 14:47:30,002772.SZ,S,10.410,200
287,58,2025-10-10,2025-10-10 14:47:27,601975.SH,B,3.130,200
288,61,2025-10-10,2025-10-10 14:47:24,601975.SH,S,3.130,100
289,61,2025-10-10,2025-10-10 14:47:21,002772.SZ,S,10.410,200
290,61,2025-10-10,2025-10-10 14:47:20,002772.SZ,S,10.410,100
291,61,2025-10-10,2025-10-10 14:47:20,002772.SZ,S,10.410,100
292,52,2025-10-10,2025-10-10 14:47:16,300827.SZ,B,31.710,200
293,61,2025-10-10,2025-10-10 14:47:17,002772.SZ,S,10.410,500
294,61,2025-10-10,2025-10-10 14:47:17,002772.SZ,S,10.410,100
295,61,2025-10-10,2025-10-10 14:47:16,002772.SZ,S,10.410,500
296,52,2025-10-10,2025-10-10 14:47:02,301363.SZ,S,23.820,100
297,61,2025-10-10,2025-10-10 14:47:12,600267.SH,S,10.590,100
298,59,2025-10-10,2025-10-10 14:47:11,002796.SZ,S,19.450,600
299,58,2025-10-10,2025-10-10 14:47:11,300790.SZ,B,30.940,200
300,61,2025-10-10,2025-10-10 14:47:10,002796.SZ,S,19.450,300
301,63,2025-10-10,2025-10-10 14:47:10,002796.SZ,S,19.450,1000
302,52,2025-10-10,2025-10-10 14:47:08,601789.SH,S,5.680,200
303,61,2025-10-10,2025-10-10 14:47:07,002796.SZ,S,19.450,1200
304,58,2025-10-10,2025-10-10 14:47:07,002662.SZ,B,3.940,200
305,61,2025-10-10,2025-10-10 14:47:05,002662.SZ,S,3.940,100
306,52,2025-10-10,2025-10-10 14:46:57,000008.SZ,S,2.890,100
307,63,2025-10-10,2025-10-10 14:47:04,002210.SZ,S,3.840,1900
308,61,2025-10-10,2025-10-10 14:47:01,000592.SZ,S,3.590,600
309,58,2025-10-10,2025-10-10 14:46:58,001202.SZ,S,15.730,300
310,63,2025-10-10,2025-10-10 14:46:58,300395.SZ,B,73.370,100
311,52,2025-10-10,2025-10-10 14:46:54,001202.SZ,S,15.730,100
312,52,2025-10-10,2025-10-10 14:46:56,601975.SH,S,3.130,100
313,63,2025-10-10,2025-10-10 14:46:53,601233.SH,S,14.900,100
314,61,2025-10-10,2025-10-10 14:46:51,300738.SZ,B,20.740,800
315,63,2025-10-10,2025-10-10 14:46:49,002987.SZ,S,21.000,64
316,63,2025-10-10,2025-10-10 14:46:49,002987.SZ,S,21.000,36
317,52,2025-10-10,2025-10-10 14:46:32,000592.SZ,S,3.590,200
318,59,2025-10-10,2025-10-10 14:46:43,688189.SH,S,7.900,329
319,61,2025-10-10,2025-10-10 14:46:43,688189.SH,S,7.900,829
320,58,2025-10-10,2025-10-10 14:46:43,002269.SZ,B,2.380,100
321,61,2025-10-10,2025-10-10 14:46:41,300846.SZ,B,23.180,800
322,63,2025-10-10,2025-10-10 14:46:39,002645.SZ,B,15.690,100
323,52,2025-10-10,2025-10-10 14:46:20,600208.SH,S,4.420,100
324,63,2025-10-10,2025-10-10 14:46:39,000889.SZ,S,3.550,400
325,52,2025-10-10,2025-10-10 14:46:36,000889.SZ,S,3.550,700
326,61,2025-10-10,2025-10-10 14:46:38,000889.SZ,S,3.550,2700
327,63,2025-10-10,2025-10-10 14:46:38,000889.SZ,S,3.550,1900
328,61,2025-10-10,2025-10-10 14:46:36,688449.SH,B,57.220,400
329,58,2025-10-10,2025-10-10 14:46:35,002269.SZ,B,2.380,100
330,58,2025-10-10,2025-10-10 14:46:33,002176.SZ,S,9.920,300
331,52,2025-10-10,2025-10-10 14:46:33,002176.SZ,S,9.920,100
332,58,2025-10-10,2025-10-10 14:46:29,605488.SH,B,34.360,200
333,61,2025-10-10,2025-10-10 14:46:22,688362.SH,B,35.200,200
334,59,2025-10-10,2025-10-10 14:46:22,002100.SZ,S,7.710,600
335,61,2025-10-10,2025-10-10 14:46:22,002100.SZ,S,7.710,1700
336,52,2025-10-10,2025-10-10 14:46:20,002100.SZ,S,7.710,500
337,52,2025-10-10,2025-10-10 14:46:21,601226.SH,S,7.290,100
338,52,2025-10-10,2025-10-10 14:46:20,002436.SZ,B,20.880,200
339,58,2025-10-10,2025-10-10 14:46:21,002100.SZ,S,7.710,900
340,52,2025-10-10,2025-10-10 14:46:20,000927.SZ,S,2.670,100
341,52,2025-10-10,2025-10-10 14:46:20,002269.SZ,S,2.380,100
342,52,2025-10-10,2025-10-10 14:46:20,000882.SZ,B,2.010,200
343,52,2025-10-10,2025-10-10 14:46:20,300217.SZ,S,5.640,100
344,61,2025-10-10,2025-10-10 14:46:19,300131.SZ,B,10.760,300
345,61,2025-10-10,2025-10-10 14:46:19,300115.SZ,B,37.310,700
346,61,2025-10-10,2025-10-10 14:46:19,603992.SH,S,30.760,100
347,61,2025-10-10,2025-10-10 14:46:19,002176.SZ,S,9.920,300
348,61,2025-10-10,2025-10-10 14:46:19,688362.SH,B,35.210,800
349,58,2025-10-10,2025-10-10 14:46:15,000592.SZ,S,3.590,500
350,63,2025-10-10,2025-10-10 14:46:16,300115.SZ,B,37.310,400
351,63,2025-10-10,2025-10-10 14:46:16,300502.SZ,B,345.930,200
352,59,2025-10-10,2025-10-10 14:46:15,300115.SZ,B,37.310,600
353,59,2025-10-10,2025-10-10 14:46:15,002176.SZ,S,9.920,100
354,61,2025-10-10,2025-10-10 14:43:11,002303.SZ,S,4.560,200
355,59,2025-10-10,2025-10-10 14:43:11,002303.SZ,S,4.560,600
356,58,2025-10-10,2025-10-10 14:43:08,600103.SH,B,3.530,19300
357,58,2025-10-10,2025-10-10 14:43:08,600103.SH,B,3.530,300
358,58,2025-10-10,2025-10-10 14:43:07,605033.SH,S,21.840,100
359,52,2025-10-10,2025-10-10 14:43:07,605033.SH,S,21.840,100
360,61,2025-10-10,2025-10-10 14:43:04,002303.SZ,S,4.560,1300
361,63,2025-10-10,2025-10-10 14:42:56,601288.SH,S,6.800,100
362,58,2025-10-10,2025-10-10 14:42:45,002323.SZ,S,1.750,1600
363,52,2025-10-10,2025-10-10 14:42:16,000932.SZ,S,6.540,100
364,63,2025-10-10,2025-10-10 14:42:46,000564.SZ,S,2.540,300
365,61,2025-10-10,2025-10-10 14:42:46,002323.SZ,S,1.750,1800
366,59,2025-10-10,2025-10-10 14:42:46,002323.SZ,S,1.750,700
367,63,2025-10-10,2025-10-10 14:42:45,000889.SZ,S,3.550,100
368,52,2025-10-10,2025-10-10 14:42:45,002323.SZ,S,1.750,500
369,63,2025-10-10,2025-10-10 14:42:04,600400.SH,B,2.820,300
370,52,2025-10-10,2025-10-10 14:41:12,601669.SH,S,5.800,100
371,58,2025-10-10,2025-10-10 14:41:13,601669.SH,S,5.800,500
372,61,2025-10-10,2025-10-10 14:41:09,601669.SH,S,5.800,500
373,59,2025-10-10,2025-10-10 14:41:07,601669.SH,S,5.800,200
374,58,2025-10-10,2025-10-10 14:40:35,002902.SZ,S,23.460,200
375,63,2025-10-10,2025-10-10 14:40:21,000100.SZ,S,4.360,100
376,61,2025-10-10,2025-10-10 14:40:00,002902.SZ,S,23.480,200
377,61,2025-10-10,2025-10-10 14:40:00,002902.SZ,S,23.480,100
378,61,2025-10-10,2025-10-10 14:39:59,300687.SZ,B,28.310,100
379,61,2025-10-10,2025-10-10 14:39:59,300687.SZ,B,28.310,300
380,61,2025-10-10,2025-10-10 14:39:59,300687.SZ,B,28.310,300
381,61,2025-10-10,2025-10-10 14:39:56,002902.SZ,S,23.480,200
382,52,2025-10-10,2025-10-10 14:39:51,600016.SH,S,3.950,100
383,59,2025-10-10,2025-10-10 14:39:48,002354.SZ,B,6.970,600
384,58,2025-10-10,2025-10-10 14:39:15,002303.SZ,S,4.560,1200
385,58,2025-10-10,2025-10-10 14:39:15,002303.SZ,S,4.560,100
386,52,2025-10-10,2025-10-10 14:39:13,002303.SZ,S,4.560,400
387,63,2025-10-10,2025-10-10 14:39:05,601818.SH,S,3.360,100
388,63,2025-10-10,2025-10-10 14:38:55,600905.SH,S,4.320,100
389,63,2025-10-10,2025-10-10 14:38:53,600000.SH,S,11.820,100
390,61,2025-10-10,2025-10-10 14:38:43,603158.SH,S,10.640,300
391,63,2025-10-10,2025-10-10 14:38:39,601398.SH,S,7.320,100
392,61,2025-10-10,2025-10-10 14:38:38,301257.SZ,B,44.300,100
393,61,2025-10-10,2025-10-10 14:38:15,002902.SZ,S,23.480,200
394,59,2025-10-10,2025-10-10 14:38:15,002902.SZ,S,23.480,300
395,63,2025-10-10,2025-10-10 14:38:14,600104.SH,S,17.170,100
396,52,2025-10-10,2025-10-10 14:38:13,002174.SZ,B,11.440,200
397,63,2025-10-10,2025-10-10 14:38:09,000338.SZ,S,14.350,300
398,52,2025-10-10,2025-10-10 14:38:02,600103.SH,B,3.520,1500
399,52,2025-10-10,2025-10-10 14:38:02,600103.SH,B,3.520,500
400,61,2025-10-10,2025-10-10 14:37:56,000011.SZ,S,9.550,100
401,58,2025-10-10,2025-10-10 14:37:48,002902.SZ,S,23.510,200
402,58,2025-10-10,2025-10-10 14:37:48,002902.SZ,S,23.510,200
403,52,2025-10-10,2025-10-10 14:37:48,002902.SZ,S,23.510,200
404,63,2025-10-10,2025-10-10 14:37:47,300364.SZ,S,26.600,100
405,63,2025-10-10,2025-10-10 14:37:44,002475.SZ,S,61.080,100
406,61,2025-10-10,2025-10-10 14:37:38,002662.SZ,B,3.950,300
407,52,2025-10-10,2025-10-10 14:37:31,002269.SZ,B,2.390,200
408,63,2025-10-10,2025-10-10 14:37:29,600028.SH,B,5.370,300
409,63,2025-10-10,2025-10-10 14:37:12,600875.SH,B,20.820,300
410,61,2025-10-10,2025-10-10 14:37:12,605033.SH,S,21.930,100
411,63,2025-10-10,2025-10-10 14:36:59,601018.SH,B,3.740,300
412,52,2025-10-10,2025-10-10 14:35:21,601018.SH,B,3.740,200
413,59,2025-10-10,2025-10-10 14:36:57,600103.SH,B,3.520,3900
414,61,2025-10-10,2025-10-10 14:36:57,600103.SH,B,3.520,11100
415,61,2025-10-10,2025-10-10 14:36:57,600103.SH,B,3.520,2600
416,63,2025-10-10,2025-10-10 14:36:48,600025.SH,B,9.690,300
417,61,2025-10-10,2025-10-10 14:36:46,300790.SZ,S,31.180,100
418,61,2025-10-10,2025-10-10 14:36:46,300790.SZ,S,31.180,100
419,59,2025-10-10,2025-10-10 14:36:46,300790.SZ,S,31.180,100
420,63,2025-10-10,2025-10-10 14:36:44,000629.SZ,S,3.110,100
421,52,2025-10-10,2025-10-10 14:32:41,000813.SZ,B,4.260,200
422,59,2025-10-10,2025-10-10 14:36:40,600103.SH,B,3.520,1200
423,59,2025-10-10,2025-10-10 14:36:40,600103.SH,B,3.520,300
424,52,2025-10-10,2025-10-10 14:36:30,300769.SZ,B,42.190,200
425,52,2025-10-10,2025-10-10 14:36:30,000725.SZ,B,4.180,200
426,52,2025-10-10,2025-10-10 14:35:37,600958.SH,S,11.620,100
427,52,2025-10-10,2025-10-10 14:36:20,603601.SH,B,5.090,200
428,63,2025-10-10,2025-10-10 14:36:17,002714.SZ,S,53.220,100
429,52,2025-10-10,2025-10-10 14:36:11,600169.SH,B,2.690,200
430,59,2025-10-10,2025-10-10 14:35:52,600222.SH,S,6.700,100
431,52,2025-10-10,2025-10-10 14:35:37,300129.SZ,B,8.310,200
432,61,2025-10-10,2025-10-10 14:35:40,600222.SH,S,6.700,100
433,52,2025-10-10,2025-10-10 14:34:03,600222.SH,S,6.700,100
434,63,2025-10-10,2025-10-10 14:35:38,601225.SH,S,20.660,100
435,61,2025-10-10,2025-10-10 14:35:35,600222.SH,S,6.700,200
436,61,2025-10-10,2025-10-10 14:35:34,600222.SH,S,6.700,100
437,59,2025-10-10,2025-10-10 14:35:33,301307.SZ,S,34.380,100
438,59,2025-10-10,2025-10-10 14:35:29,600571.SH,B,16.650,600
439,61,2025-10-10,2025-10-10 14:35:27,000009.SZ,B,12.140,300
440,52,2025-10-10,2025-10-10 14:35:16,301307.SZ,S,34.380,100
441,58,2025-10-10,2025-10-10 14:35:24,301307.SZ,S,34.380,200
442,61,2025-10-10,2025-10-10 14:35:24,301307.SZ,S,34.380,200
443,58,2025-10-10,2025-10-10 14:35:18,002755.SZ,S,20.080,100
444,63,2025-10-10,2025-10-10 14:35:07,600233.SH,B,18.060,100
445,63,2025-10-10,2025-10-10 14:35:07,600233.SH,B,18.060,100
446,63,2025-10-10,2025-10-10 14:35:07,600233.SH,B,18.060,100
447,61,2025-10-10,2025-10-10 14:34:52,601208.SH,S,19.660,100
448,52,2025-10-10,2025-10-10 14:31:58,000592.SZ,S,3.600,200
449,58,2025-10-10,2025-10-10 14:34:23,002536.SZ,S,24.530,300
450,61,2025-10-10,2025-10-10 14:34:22,002536.SZ,S,24.530,100
451,59,2025-10-10,2025-10-10 14:34:02,300769.SZ,S,42.210,200
452,52,2025-10-10,2025-10-10 14:33:51,002468.SZ,S,17.540,100
453,61,2025-10-10,2025-10-10 14:33:53,601975.SH,B,3.130,300
454,61,2025-10-10,2025-10-10 14:33:41,603158.SH,S,10.650,400
455,61,2025-10-10,2025-10-10 14:33:38,603158.SH,S,10.650,100
456,61,2025-10-10,2025-10-10 14:33:33,600239.SH,B,2.620,300
457,58,2025-10-10,2025-10-10 14:33:31,600222.SH,S,6.680,400
458,61,2025-10-10,2025-10-10 14:33:29,300185.SZ,B,3.250,300
459,52,2025-10-10,2025-10-10 14:33:29,300185.SZ,B,3.250,200
460,59,2025-10-10,2025-10-10 14:33:29,300185.SZ,B,3.250,600
461,52,2025-10-10,2025-10-10 14:33:16,601728.SH,B,6.750,200
462,52,2025-10-10,2025-10-10 14:33:27,601975.SH,B,3.130,200
463,52,2025-10-10,2025-10-10 14:33:25,301363.SZ,B,23.770,200
464,59,2025-10-10,2025-10-10 14:33:03,002335.SZ,S,69.220,100
465,61,2025-10-10,2025-10-10 14:32:57,300296.SZ,S,7.360,100
466,59,2025-10-10,2025-10-10 14:32:46,603101.SH,S,10.490,100
467,59,2025-10-10,2025-10-10 14:32:42,000703.SZ,S,6.840,100
468,61,2025-10-10,2025-10-10 14:32:42,000703.SZ,S,6.840,100
469,61,2025-10-10,2025-10-10 14:32:26,301257.SZ,B,44.390,200
470,58,2025-10-10,2025-10-10 14:32:26,603009.SH,S,52.800,100
471,58,2025-10-10,2025-10-10 14:32:26,603009.SH,S,52.800,100
472,52,2025-10-10,2025-10-10 14:32:08,603166.SH,B,19.110,100
473,52,2025-10-10,2025-10-10 14:32:08,603166.SH,B,19.110,100
474,61,2025-10-10,2025-10-10 14:32:21,688352.SH,S,14.080,575
475,61,2025-10-10,2025-10-10 14:32:21,688352.SH,S,14.080,200
476,61,2025-10-10,2025-10-10 14:32:21,688352.SH,S,14.080,4
477,63,2025-10-10,2025-10-10 14:32:16,601669.SH,B,5.790,300
478,63,2025-10-10,2025-10-10 14:32:06,001289.SZ,B,18.060,300
479,52,2025-10-10,2025-10-10 14:32:03,002736.SZ,B,14.170,200
480,61,2025-10-10,2025-10-10 14:32:01,002755.SZ,S,20.070,100
481,52,2025-10-10,2025-10-10 14:31:58,600816.SH,B,3.080,200
482,59,2025-10-10,2025-10-10 14:31:56,002536.SZ,B,24.520,600
483,63,2025-10-10,2025-10-10 14:31:54,601998.SH,S,7.260,100
484,63,2025-10-10,2025-10-10 14:28:57,000629.SZ,B,3.110,200
485,58,2025-10-10,2025-10-10 14:28:30,002536.SZ,B,24.570,400
486,58,2025-10-10,2025-10-10 14:28:30,002536.SZ,B,24.570,100
487,58,2025-10-10,2025-10-10 14:28:30,002146.SZ,S,1.630,10676
488,58,2025-10-10,2025-10-10 14:28:30,002146.SZ,S,1.630,1624
489,52,2025-10-10,2025-10-10 14:28:30,002146.SZ,S,1.630,4700
490,58,2025-10-10,2025-10-10 14:28:17,600571.SH,B,16.660,400
491,58,2025-10-10,2025-10-10 14:28:17,600571.SH,B,16.660,100
492,58,2025-10-10,2025-10-10 14:28:16,601789.SH,S,5.670,900
493,58,2025-10-10,2025-10-10 14:28:15,603158.SH,B,10.650,400
494,52,2025-10-10,2025-10-10 14:28:07,601728.SH,S,6.750,100
495,59,2025-10-10,2025-10-10 14:28:03,603305.SH,S,17.390,300
496,61,2025-10-10,2025-10-10 14:27:57,603158.SH,B,10.650,500
497,58,2025-10-10,2025-10-10 14:27:54,002245.SZ,S,18.830,200
498,61,2025-10-10,2025-10-10 14:27:47,002146.SZ,S,1.630,13800
499,59,2025-10-10,2025-10-10 14:27:47,002146.SZ,S,1.630,5300
500,61,2025-10-10,2025-10-10 14:27:15,600400.SH,B,2.820,200
501,58,2025-10-10,2025-10-10 14:26:48,002021.SZ,S,3.090,200
502,59,2025-10-10,2025-10-10 14:26:35,603305.SH,S,17.400,200
503,59,2025-10-10,2025-10-10 14:26:35,603305.SH,S,17.400,100
504,58,2025-10-10,2025-10-10 14:26:34,300207.SZ,S,31.370,100
505,61,2025-10-10,2025-10-10 14:26:31,603306.SH,S,51.150,100
506,63,2025-10-10,2025-10-10 14:26:21,601818.SH,B,3.360,200
507,59,2025-10-10,2025-10-10 14:26:21,000593.SZ,S,7.190,300
508,61,2025-10-10,2025-10-10 14:26:21,000593.SZ,S,7.190,800
509,63,2025-10-10,2025-10-10 14:26:16,600905.SH,B,4.320,200
510,61,2025-10-10,2025-10-10 14:26:13,600303.SH,S,3.940,100
511,58,2025-10-10,2025-10-10 14:26:04,002536.SZ,B,24.590,200
512,61,2025-10-10,2025-10-10 14:26:00,002622.SZ,S,3.130,2400
513,58,2025-10-10,2025-10-10 14:25:51,600638.SH,S,6.090,100
514,61,2025-10-10,2025-10-10 14:25:51,600638.SH,S,6.090,100
515,58,2025-10-10,2025-10-10 14:25:22,603698.SH,S,21.370,100
516,52,2025-10-10,2025-10-10 14:24:58,301257.SZ,B,44.390,100
517,59,2025-10-10,2025-10-10 14:24:59,300769.SZ,B,42.220,200
518,61,2025-10-10,2025-10-10 14:24:58,300790.SZ,B,31.180,300
519,58,2025-10-10,2025-10-10 14:24:44,002303.SZ,S,4.560,200
520,61,2025-10-10,2025-10-10 14:24:44,002354.SZ,S,6.980,500
521,59,2025-10-10,2025-10-10 14:24:40,300042.SZ,B,29.210,400
522,59,2025-10-10,2025-10-10 14:24:21,002335.SZ,B,69.130,100
523,59,2025-10-10,2025-10-10 14:24:21,002335.SZ,B,69.130,100
524,58,2025-10-10,2025-10-10 14:24:10,600658.SH,S,5.530,100
525,58,2025-10-10,2025-10-10 14:24:10,600658.SH,S,5.530,300
526,61,2025-10-10,2025-10-10 14:23:44,301511.SZ,S,34.330,200
527,61,2025-10-10,2025-10-10 14:23:13,688469.SH,S,6.680,514
528,63,2025-10-10,2025-10-10 14:23:13,688469.SH,S,6.680,736
529,63,2025-10-10,2025-10-10 14:23:09,600000.SH,B,11.840,200
530,63,2025-10-10,2025-10-10 14:22:31,601288.SH,B,6.800,200
531,63,2025-10-10,2025-10-10 14:22:30,601398.SH,B,7.320,100
532,63,2025-10-10,2025-10-10 14:22:30,601398.SH,B,7.320,100
533,59,2025-10-10,2025-10-10 14:22:30,002674.SZ,S,15.370,100
534,52,2025-10-10,2025-10-10 14:22:24,603306.SH,S,51.180,100
535,58,2025-10-10,2025-10-10 14:22:17,002536.SZ,B,24.610,400
536,63,2025-10-10,2025-10-10 14:22:16,000889.SZ,B,3.560,200
537,61,2025-10-10,2025-10-10 14:22:16,000889.SZ,B,3.560,100
538,61,2025-10-10,2025-10-10 14:22:16,000889.SZ,B,3.560,100
539,59,2025-10-10,2025-10-10 14:22:05,603655.SH,S,35.620,100
540,61,2025-10-10,2025-10-10 14:22:05,603655.SH,S,35.620,100
541,59,2025-10-10,2025-10-10 14:22:03,603306.SH,S,51.210,200
542,61,2025-10-10,2025-10-10 14:22:02,603306.SH,S,51.210,100
543,61,2025-10-10,2025-10-10 14:21:55,301511.SZ,S,34.350,100
544,58,2025-10-10,2025-10-10 14:21:46,603009.SH,B,53.010,800
545,52,2025-10-10,2025-10-10 14:21:35,002627.SZ,B,5.880,100
546,52,2025-10-10,2025-10-10 14:20:13,002354.SZ,B,6.970,100
547,58,2025-10-10,2025-10-10 14:21:39,603306.SH,S,51.170,200
548,58,2025-10-10,2025-10-10 14:21:38,603306.SH,S,51.170,100
549,52,2025-10-10,2025-10-10 14:20:53,301511.SZ,S,34.350,100
550,58,2025-10-10,2025-10-10 14:21:34,301511.SZ,S,34.350,100
551,61,2025-10-10,2025-10-10 14:21:32,603306.SH,S,51.210,100
552,59,2025-10-10,2025-10-10 14:21:21,605155.SH,S,16.980,100
553,52,2025-10-10,2025-10-10 14:21:07,600169.SH,S,2.690,200
554,61,2025-10-10,2025-10-10 14:20:54,688063.SH,S,68.240,200
555,61,2025-10-10,2025-10-10 14:20:53,603698.SH,S,21.410,200
556,58,2025-10-10,2025-10-10 14:20:49,000830.SZ,S,14.730,300
557,52,2025-10-10,2025-10-10 14:20:48,000830.SZ,S,14.730,200
558,61,2025-10-10,2025-10-10 14:20:47,300769.SZ,S,42.310,100
559,59,2025-10-10,2025-10-10 14:20:46,603305.SH,S,17.450,400
560,59,2025-10-10,2025-10-10 14:20:45,000977.SZ,B,69.880,200
561,63,2025-10-10,2025-10-10 14:20:44,688063.SH,S,68.240,200
562,61,2025-10-10,2025-10-10 14:20:44,002772.SZ,B,10.410,200
563,58,2025-10-10,2025-10-10 14:20:42,002258.SZ,S,12.940,500
564,52,2025-10-10,2025-10-10 14:20:39,002258.SZ,S,12.940,200
565,61,2025-10-10,2025-10-10 14:20:40,300769.SZ,S,42.310,300
566,58,2025-10-10,2025-10-10 14:20:41,300043.SZ,S,6.580,300
567,58,2025-10-10,2025-10-10 14:20:39,300207.SZ,S,31.420,200
568,63,2025-10-10,2025-10-10 14:20:40,002244.SZ,S,12.200,400
569,58,2025-10-10,2025-10-10 14:20:39,300207.SZ,S,31.420,100
570,58,2025-10-10,2025-10-10 14:20:38,600169.SH,S,2.690,500
571,59,2025-10-10,2025-10-10 14:20:38,603698.SH,S,21.420,100
572,59,2025-10-10,2025-10-10 14:20:36,600771.SH,S,19.310,100
573,52,2025-10-10,2025-10-10 14:20:35,300650.SZ,B,18.560,100
574,63,2025-10-10,2025-10-10 14:20:22,600104.SH,B,17.200,200
575,52,2025-10-10,2025-10-10 14:20:19,002622.SZ,S,3.130,900
576,63,2025-10-10,2025-10-10 14:20:17,000725.SZ,B,4.180,105
577,63,2025-10-10,2025-10-10 14:20:17,000725.SZ,B,4.180,95
578,52,2025-10-10,2025-10-10 14:20:14,300088.SZ,B,6.590,100
579,58,2025-10-10,2025-10-10 14:20:10,002622.SZ,S,3.130,200
580,58,2025-10-10,2025-10-10 14:20:10,002622.SZ,S,3.130,700
581,58,2025-10-10,2025-10-10 14:20:10,002622.SZ,S,3.130,400
582,58,2025-10-10,2025-10-10 14:20:10,002622.SZ,S,3.130,700
583,58,2025-10-10,2025-10-10 14:20:10,002622.SZ,S,3.130,100
584,58,2025-10-10,2025-10-10 14:20:10,002622.SZ,S,3.130,100
585,63,2025-10-10,2025-10-10 14:20:06,000100.SZ,B,4.370,200
586,58,2025-10-10,2025-10-10 14:19:55,603698.SH,S,21.420,100
587,61,2025-10-10,2025-10-10 14:19:50,300207.SZ,S,31.350,500
588,61,2025-10-10,2025-10-10 14:19:49,301511.SZ,S,34.350,100
589,59,2025-10-10,2025-10-10 14:19:49,300207.SZ,S,31.350,200
590,61,2025-10-10,2025-10-10 14:19:45,600571.SH,B,16.650,700
591,61,2025-10-10,2025-10-10 14:19:42,300492.SZ,S,71.790,100
592,59,2025-10-10,2025-10-10 14:19:40,603009.SH,S,52.990,100
593,61,2025-10-10,2025-10-10 14:19:40,600571.SH,B,16.650,500
594,58,2025-10-10,2025-10-10 14:19:20,600571.SH,B,16.650,600
595,59,2025-10-10,2025-10-10 14:19:18,002258.SZ,S,12.920,200
596,61,2025-10-10,2025-10-10 14:19:18,002258.SZ,S,12.920,200
597,61,2025-10-10,2025-10-10 14:19:18,002258.SZ,S,12.920,100
598,61,2025-10-10,2025-10-10 14:19:18,002258.SZ,S,12.920,300
599,59,2025-10-10,2025-10-10 14:19:18,600169.SH,S,2.690,300
600,61,2025-10-10,2025-10-10 14:19:18,600169.SH,S,2.690,800
601,52,2025-10-10,2025-10-10 14:19:13,002755.SZ,S,20.030,100
602,63,2025-10-10,2025-10-10 14:19:14,601998.SH,B,7.250,200
603,52,2025-10-10,2025-10-10 14:19:05,002378.SZ,B,12.500,100
604,58,2025-10-10,2025-10-10 14:19:03,000593.SZ,S,7.180,700
605,52,2025-10-10,2025-10-10 14:18:52,000593.SZ,S,7.180,200
606,52,2025-10-10,2025-10-10 14:19:02,000977.SZ,B,69.710,100
607,61,2025-10-10,2025-10-10 14:19:03,000892.SZ,S,6.260,100
608,61,2025-10-10,2025-10-10 14:18:57,601208.SH,B,19.600,200
609,63,2025-10-10,2025-10-10 14:18:54,002384.SZ,S,69.420,100
610,59,2025-10-10,2025-10-10 14:18:51,002622.SZ,S,3.130,1000
611,52,2025-10-10,2025-10-10 14:18:43,300141.SZ,B,10.780,100
612,61,2025-10-10,2025-10-10 14:18:43,000703.SZ,S,6.820,900
613,59,2025-10-10,2025-10-10 14:18:43,000703.SZ,S,6.820,400
614,61,2025-10-10,2025-10-10 14:18:41,000703.SZ,S,6.820,200
615,59,2025-10-10,2025-10-10 14:18:38,300925.SZ,B,26.360,100
616,59,2025-10-10,2025-10-10 14:18:38,300925.SZ,B,26.360,200
617,59,2025-10-10,2025-10-10 14:18:37,300925.SZ,B,26.360,100
618,52,2025-10-10,2025-10-10 14:18:13,002040.SZ,S,10.280,200
619,58,2025-10-10,2025-10-10 14:18:14,002040.SZ,S,10.280,500
620,52,2025-10-10,2025-10-10 14:18:13,002536.SZ,B,24.560,100
621,52,2025-10-10,2025-10-10 14:18:07,002796.SZ,B,19.320,100
622,58,2025-10-10,2025-10-10 14:17:54,603655.SH,S,35.560,100
623,52,2025-10-10,2025-10-10 14:17:46,603305.SH,B,17.440,100
624,59,2025-10-10,2025-10-10 14:17:47,002040.SZ,S,10.280,200
625,61,2025-10-10,2025-10-10 14:17:36,002536.SZ,B,24.550,500
626,61,2025-10-10,2025-10-10 14:17:35,300043.SZ,S,6.560,500
627,61,2025-10-10,2025-10-10 14:17:31,300843.SZ,B,52.700,500
628,52,2025-10-10,2025-10-10 14:17:32,600571.SH,B,16.630,100
629,58,2025-10-10,2025-10-10 14:17:24,000962.SZ,B,24.860,500
630,59,2025-10-10,2025-10-10 14:17:23,000977.SZ,B,69.740,200
631,52,2025-10-10,2025-10-10 14:17:21,000703.SZ,S,6.810,300
632,58,2025-10-10,2025-10-10 14:17:24,000703.SZ,S,6.810,1000
633,52,2025-10-10,2025-10-10 14:17:21,000524.SZ,B,13.180,100
634,61,2025-10-10,2025-10-10 14:17:15,603158.SH,B,10.640,700
635,52,2025-10-10,2025-10-10 14:17:01,300790.SZ,B,31.160,100
636,59,2025-10-10,2025-10-10 14:17:07,300043.SZ,S,6.560,200
637,59,2025-10-10,2025-10-10 14:17:07,002303.SZ,S,4.550,100
638,61,2025-10-10,2025-10-10 14:17:07,002303.SZ,S,4.550,200
639,58,2025-10-10,2025-10-10 14:17:04,688469.SH,S,6.680,456
640,61,2025-10-10,2025-10-10 14:17:04,601018.SH,S,3.740,100
641,61,2025-10-10,2025-10-10 14:17:03,002040.SZ,S,10.290,600
642,52,2025-10-10,2025-10-10 14:16:40,605488.SH,B,34.420,100
643,52,2025-10-10,2025-10-10 14:17:03,601018.SH,S,3.740,100
644,52,2025-10-10,2025-10-10 14:17:03,688469.SH,S,6.680,391
645,58,2025-10-10,2025-10-10 14:17:02,603158.SH,B,10.640,700
646,52,2025-10-10,2025-10-10 14:16:36,603158.SH,B,10.640,100
647,52,2025-10-10,2025-10-10 14:16:39,002858.SZ,B,14.830,100
648,58,2025-10-10,2025-10-10 14:16:59,000962.SZ,B,24.870,600
649,59,2025-10-10,2025-10-10 14:16:58,002335.SZ,B,69.110,100
650,59,2025-10-10,2025-10-10 14:16:56,600658.SH,S,5.530,200
651,61,2025-10-10,2025-10-10 14:16:56,600658.SH,S,5.530,500
652,52,2025-10-10,2025-10-10 14:16:21,600658.SH,S,5.530,200
653,59,2025-10-10,2025-10-10 14:16:56,002335.SZ,B,69.110,100
654,52,2025-10-10,2025-10-10 14:16:37,601233.SH,B,14.830,100
655,52,2025-10-10,2025-10-10 14:16:36,000700.SZ,B,10.340,100
656,52,2025-10-10,2025-10-10 14:16:22,002303.SZ,S,4.540,100
657,61,2025-10-10,2025-10-10 14:16:43,301248.SZ,B,27.360,200
658,63,2025-10-10,2025-10-10 14:16:43,601225.SH,B,20.630,200
659,61,2025-10-10,2025-10-10 14:16:43,688352.SH,B,14.060,1030
660,61,2025-10-10,2025-10-10 14:16:39,603667.SH,B,44.120,200
661,52,2025-10-10,2025-10-10 14:16:38,601208.SH,B,19.610,100
662,61,2025-10-10,2025-10-10 14:16:36,300790.SZ,B,31.170,200
663,59,2025-10-10,2025-10-10 14:16:37,300790.SZ,B,31.170,400
664,59,2025-10-10,2025-10-10 14:16:35,300769.SZ,B,42.130,200
665,52,2025-10-10,2025-10-10 14:16:29,601012.SH,B,18.390,100
666,61,2025-10-10,2025-10-10 14:16:28,300395.SZ,B,73.560,200
667,58,2025-10-10,2025-10-10 14:16:27,601789.SH,S,5.670,200
668,58,2025-10-10,2025-10-10 14:16:27,601789.SH,S,5.670,1200
669,61,2025-10-10,2025-10-10 14:16:29,000830.SZ,S,14.710,300
670,52,2025-10-10,2025-10-10 14:16:26,601789.SH,S,5.670,700
671,61,2025-10-10,2025-10-10 14:16:25,002245.SZ,S,18.800,100
672,58,2025-10-10,2025-10-10 14:16:24,600744.SH,S,6.660,400
673,58,2025-10-10,2025-10-10 14:16:24,600744.SH,S,6.660,100
674,58,2025-10-10,2025-10-10 14:16:24,600744.SH,S,6.660,200
675,61,2025-10-10,2025-10-10 14:16:25,601789.SH,S,5.670,500
676,61,2025-10-10,2025-10-10 14:16:25,601789.SH,S,5.670,1000
677,61,2025-10-10,2025-10-10 14:16:25,601789.SH,S,5.670,1100
678,59,2025-10-10,2025-10-10 14:16:25,601789.SH,S,5.670,700
679,59,2025-10-10,2025-10-10 14:16:25,601789.SH,S,5.670,300
680,61,2025-10-10,2025-10-10 14:16:24,600744.SH,S,6.660,800
681,61,2025-10-10,2025-10-10 14:16:23,002506.SZ,S,2.560,1100
682,59,2025-10-10,2025-10-10 14:16:23,600744.SH,S,6.660,300
683,59,2025-10-10,2025-10-10 14:16:22,002506.SZ,S,2.560,1000
684,52,2025-10-10,2025-10-10 14:16:21,601398.SH,S,7.330,100
685,52,2025-10-10,2025-10-10 14:16:21,002939.SZ,S,11.670,100
686,63,2025-10-10,2025-10-10 14:16:19,002475.SZ,B,61.040,200
687,61,2025-10-10,2025-10-10 14:16:19,300435.SZ,S,21.710,100
688,63,2025-10-10,2025-10-10 14:16:19,301210.SZ,S,45.010,100
689,58,2025-10-10,2025-10-10 14:16:18,002506.SZ,S,2.560,500
690,63,2025-10-10,2025-10-10 14:13:13,300438.SZ,B,36.700,100
691,61,2025-10-10,2025-10-10 14:13:10,605155.SH,S,17.030,200
692,63,2025-10-10,2025-10-10 14:13:09,601988.SH,B,5.240,100
693,61,2025-10-10,2025-10-10 14:13:08,603306.SH,S,51.140,100
694,58,2025-10-10,2025-10-10 14:13:08,001289.SZ,S,18.090,100
695,52,2025-10-10,2025-10-10 14:13:07,601728.SH,B,6.760,100
696,61,2025-10-10,2025-10-10 14:13:05,688472.SH,B,13.210,310
697,61,2025-10-10,2025-10-10 14:13:00,301511.SZ,B,34.320,200
698,58,2025-10-10,2025-10-10 14:13:00,000977.SZ,B,69.780,200
699,59,2025-10-10,2025-10-10 14:12:48,603305.SH,B,17.420,200
700,61,2025-10-10,2025-10-10 14:12:46,301171.SZ,B,33.140,100
701,61,2025-10-10,2025-10-10 14:12:46,301171.SZ,B,33.140,100
702,52,2025-10-10,2025-10-10 14:12:45,000008.SZ,B,2.890,100
703,59,2025-10-10,2025-10-10 14:12:44,603305.SH,B,17.420,400
704,63,2025-10-10,2025-10-10 14:12:25,600026.SH,S,12.170,600
705,63,2025-10-10,2025-10-10 14:12:24,600026.SH,S,12.170,100
706,52,2025-10-10,2025-10-10 14:09:41,000659.SZ,B,2.870,100
707,63,2025-10-10,2025-10-10 14:12:04,603306.SH,S,51.120,100
708,61,2025-10-10,2025-10-10 14:12:03,001289.SZ,S,18.100,100
709,61,2025-10-10,2025-10-10 14:12:03,001289.SZ,S,18.100,200
710,63,2025-10-10,2025-10-10 14:12:02,603306.SH,S,51.120,100
711,63,2025-10-10,2025-10-10 14:12:02,603306.SH,S,51.120,100
712,61,2025-10-10,2025-10-10 14:11:43,301511.SZ,B,34.340,100
713,61,2025-10-10,2025-10-10 14:11:43,301511.SZ,B,34.340,100
714,61,2025-10-10,2025-10-10 14:11:36,002245.SZ,B,18.870,200
715,58,2025-10-10,2025-10-10 14:11:36,002245.SZ,B,18.870,500
716,61,2025-10-10,2025-10-10 14:11:36,000977.SZ,B,69.760,100
717,61,2025-10-10,2025-10-10 14:11:35,000977.SZ,B,69.760,100
718,61,2025-10-10,2025-10-10 14:11:35,002245.SZ,B,18.870,200
719,59,2025-10-10,2025-10-10 14:11:16,603305.SH,B,17.420,300
720,52,2025-10-10,2025-10-10 14:10:36,600169.SH,S,2.690,100
721,52,2025-10-10,2025-10-10 14:09:29,600104.SH,B,17.220,100
722,61,2025-10-10,2025-10-10 14:11:00,600261.SH,S,3.660,3700
723,59,2025-10-10,2025-10-10 14:11:00,600261.SH,S,3.660,1400
724,58,2025-10-10,2025-10-10 14:10:49,000703.SZ,S,6.800,100
725,61,2025-10-10,2025-10-10 14:10:42,002527.SZ,S,19.230,200
726,58,2025-10-10,2025-10-10 14:10:35,605155.SH,S,17.060,900
727,59,2025-10-10,2025-10-10 14:10:34,605155.SH,S,17.060,400
728,52,2025-10-10,2025-10-10 14:10:31,605155.SH,S,17.060,300
729,61,2025-10-10,2025-10-10 14:10:26,603610.SH,S,17.590,300
730,58,2025-10-10,2025-10-10 14:10:26,600527.SH,S,2.350,1700
731,58,2025-10-10,2025-10-10 14:10:26,600527.SH,S,2.350,1300
732,52,2025-10-10,2025-10-10 14:06:38,600527.SH,S,2.350,1300
733,61,2025-10-10,2025-10-10 14:10:25,000703.SZ,S,6.800,100
734,58,2025-10-10,2025-10-10 14:10:22,000977.SZ,B,69.720,100
735,61,2025-10-10,2025-10-10 14:10:19,300769.SZ,B,42.220,100
736,58,2025-10-10,2025-10-10 14:10:17,300769.SZ,B,42.210,100
737,58,2025-10-10,2025-10-10 14:10:17,300769.SZ,B,42.210,100
738,58,2025-10-10,2025-10-10 14:10:16,300769.SZ,B,42.210,100
739,61,2025-10-10,2025-10-10 14:10:16,002326.SZ,S,17.230,300
740,58,2025-10-10,2025-10-10 14:10:15,002326.SZ,S,17.230,200
741,58,2025-10-10,2025-10-10 14:10:14,002326.SZ,S,17.230,100
742,59,2025-10-10,2025-10-10 14:10:09,300252.SZ,B,13.770,400
743,61,2025-10-10,2025-10-10 14:10:09,300252.SZ,B,13.770,500
744,63,2025-10-10,2025-10-10 14:10:06,600026.SH,S,12.190,400
745,58,2025-10-10,2025-10-10 14:10:02,301171.SZ,B,33.160,100
746,58,2025-10-10,2025-10-10 14:10:01,001289.SZ,S,18.120,100
747,58,2025-10-10,2025-10-10 14:10:00,001289.SZ,S,18.120,100
748,58,2025-10-10,2025-10-10 14:09:56,300207.SZ,B,31.290,100
749,58,2025-10-10,2025-10-10 14:09:56,300207.SZ,B,31.290,400
750,59,2025-10-10,2025-10-10 14:09:55,002326.SZ,S,17.230,200
751,58,2025-10-10,2025-10-10 14:09:53,300438.SZ,B,36.660,100
752,58,2025-10-10,2025-10-10 14:09:52,301511.SZ,B,34.320,100
753,58,2025-10-10,2025-10-10 14:09:47,300889.SZ,S,19.470,100
754,58,2025-10-10,2025-10-10 14:09:48,001289.SZ,S,18.120,100
755,52,2025-10-10,2025-10-10 14:09:47,300889.SZ,S,19.470,100
756,58,2025-10-10,2025-10-10 14:09:43,001289.SZ,S,18.120,100
757,63,2025-10-10,2025-10-10 14:09:27,688008.SH,B,151.190,36
758,63,2025-10-10,2025-10-10 14:09:26,688008.SH,B,151.190,259
759,52,2025-10-10,2025-10-10 14:09:06,300269.SZ,S,4.860,100
760,52,2025-10-10,2025-10-10 14:09:04,601908.SH,S,4.210,100
761,61,2025-10-10,2025-10-10 14:09:01,000927.SZ,S,2.670,100
762,61,2025-10-10,2025-10-10 14:08:58,300185.SZ,B,3.260,200
763,61,2025-10-10,2025-10-10 14:08:47,002755.SZ,S,20.000,100
764,59,2025-10-10,2025-10-10 14:08:46,301171.SZ,B,33.180,200
765,58,2025-10-10,2025-10-10 14:08:45,002674.SZ,S,15.380,100
766,58,2025-10-10,2025-10-10 14:08:33,601233.SH,S,14.880,100
767,58,2025-10-10,2025-10-10 14:08:33,601233.SH,S,14.880,200
768,52,2025-10-10,2025-10-10 14:08:32,601233.SH,S,14.880,200
769,63,2025-10-10,2025-10-10 14:08:30,000009.SZ,B,12.200,100
770,61,2025-10-10,2025-10-10 14:08:30,301171.SZ,B,33.190,400
771,63,2025-10-10,2025-10-10 14:08:28,300650.SZ,S,18.460,100
772,52,2025-10-10,2025-10-10 14:08:07,002326.SZ,S,17.280,300
773,59,2025-10-10,2025-10-10 14:08:19,300252.SZ,B,13.790,400
774,63,2025-10-10,2025-10-10 14:08:12,000629.SZ,S,3.120,100
775,63,2025-10-10,2025-10-10 14:08:12,000629.SZ,S,3.120,100
776,63,2025-10-10,2025-10-10 14:08:12,000629.SZ,S,3.120,100
777,63,2025-10-10,2025-10-10 14:08:12,000629.SZ,S,3.120,100
778,63,2025-10-10,2025-10-10 14:08:12,000629.SZ,S,3.120,100
779,63,2025-10-10,2025-10-10 14:08:12,000629.SZ,S,3.120,100
780,61,2025-10-10,2025-10-10 14:08:07,300252.SZ,B,13.790,600
781,63,2025-10-10,2025-10-10 14:08:06,000629.SZ,S,3.120,300
782,63,2025-10-10,2025-10-10 14:08:06,000629.SZ,S,3.120,400
783,63,2025-10-10,2025-10-10 14:08:06,000629.SZ,S,3.120,400
784,52,2025-10-10,2025-10-10 14:01:19,002662.SZ,B,3.950,100
785,63,2025-10-10,2025-10-10 14:08:02,000629.SZ,S,3.120,100
786,63,2025-10-10,2025-10-10 14:08:02,000629.SZ,S,3.120,100
787,63,2025-10-10,2025-10-10 14:08:02,000629.SZ,S,3.120,200
788,58,2025-10-10,2025-10-10 14:07:57,688469.SH,S,6.710,283
789,58,2025-10-10,2025-10-10 14:07:56,688469.SH,S,6.710,295
790,61,2025-10-10,2025-10-10 14:07:53,002338.SZ,S,57.480,100
791,61,2025-10-10,2025-10-10 14:07:45,000524.SZ,B,13.200,400
792,59,2025-10-10,2025-10-10 14:07:38,603610.SH,S,17.620,200
793,59,2025-10-10,2025-10-10 14:07:33,603610.SH,S,17.620,200
794,63,2025-10-10,2025-10-10 14:07:31,002326.SZ,S,17.280,400
795,61,2025-10-10,2025-10-10 14:07:31,002326.SZ,S,17.280,700
796,61,2025-10-10,2025-10-10 14:07:24,603610.SH,S,17.620,200
797,61,2025-10-10,2025-10-10 14:07:22,603610.SH,S,17.620,200
798,61,2025-10-10,2025-10-10 14:07:22,603610.SH,S,17.620,300
799,58,2025-10-10,2025-10-10 14:07:20,300252.SZ,B,13.800,1700
800,52,2025-10-10,2025-10-10 14:07:19,300252.SZ,B,13.800,200
801,58,2025-10-10,2025-10-10 14:07:16,601975.SH,S,3.150,400
802,52,2025-10-10,2025-10-10 14:07:01,001289.SZ,S,18.120,200
803,58,2025-10-10,2025-10-10 14:07:01,001289.SZ,S,18.120,200
804,59,2025-10-10,2025-10-10 14:07:01,601233.SH,S,14.890,200
805,61,2025-10-10,2025-10-10 14:07:01,601233.SH,S,14.890,400
806,63,2025-10-10,2025-10-10 14:06:58,688469.SH,S,6.710,1313
807,61,2025-10-10,2025-10-10 14:06:58,688469.SH,S,6.710,1327
808,59,2025-10-10,2025-10-10 14:06:58,688469.SH,S,6.710,512
809,61,2025-10-10,2025-10-10 14:06:51,600724.SH,S,5.180,100
810,63,2025-10-10,2025-10-10 14:06:50,002244.SZ,S,12.200,200
811,61,2025-10-10,2025-10-10 14:06:42,000977.SZ,B,69.880,100
812,61,2025-10-10,2025-10-10 14:06:42,000977.SZ,B,69.880,200
813,58,2025-10-10,2025-10-10 14:06:39,300207.SZ,B,31.330,400
814,58,2025-10-10,2025-10-10 14:06:38,300207.SZ,B,31.330,200
815,61,2025-10-10,2025-10-10 14:06:37,300854.SZ,S,20.730,100
816,61,2025-10-10,2025-10-10 14:06:32,002674.SZ,S,15.400,100
817,61,2025-10-10,2025-10-10 14:06:24,002354.SZ,B,6.990,1000
818,52,2025-10-10,2025-10-10 14:03:06,002354.SZ,B,6.990,100
819,52,2025-10-10,2025-10-10 14:06:03,600239.SH,S,2.630,100
820,61,2025-10-10,2025-10-10 14:06:20,605155.SH,S,17.140,3000
821,58,2025-10-10,2025-10-10 14:06:19,605155.SH,S,17.140,2000
822,52,2025-10-10,2025-10-10 14:06:19,605155.SH,S,17.140,500
823,63,2025-10-10,2025-10-10 14:06:16,002230.SZ,S,56.230,100
824,59,2025-10-10,2025-10-10 14:06:16,601226.SH,S,7.260,100
825,58,2025-10-10,2025-10-10 14:06:15,301171.SZ,B,33.220,100
826,59,2025-10-10,2025-10-10 14:06:09,605155.SH,S,17.140,200
827,59,2025-10-10,2025-10-10 14:06:08,605155.SH,S,17.140,100
828,59,2025-10-10,2025-10-10 14:06:08,605155.SH,S,17.140,500
829,58,2025-10-10,2025-10-10 14:06:06,002222.SZ,S,49.700,400
830,58,2025-10-10,2025-10-10 14:06:06,002755.SZ,S,20.010,100
831,61,2025-10-10,2025-10-10 14:06:05,600527.SH,S,2.350,3300
832,52,2025-10-10,2025-10-10 14:06:05,002622.SZ,S,3.130,100
833,58,2025-10-10,2025-10-10 14:06:03,002335.SZ,S,69.320,100
834,58,2025-10-10,2025-10-10 14:05:59,301511.SZ,B,34.390,100
835,52,2025-10-10,2025-10-10 14:05:56,601778.SH,S,3.850,100
836,61,2025-10-10,2025-10-10 14:05:56,300769.SZ,B,42.330,100
837,61,2025-10-10,2025-10-10 14:05:55,300769.SZ,B,42.330,200
838,52,2025-10-10,2025-10-10 14:05:36,600016.SH,B,3.950,100
839,59,2025-10-10,2025-10-10 14:05:39,603009.SH,B,52.650,100
840,61,2025-10-10,2025-10-10 14:05:37,601975.SH,S,3.150,300
841,61,2025-10-10,2025-10-10 14:05:36,601975.SH,S,3.150,200
842,59,2025-10-10,2025-10-10 14:05:34,601975.SH,S,3.150,200
843,59,2025-10-10,2025-10-10 14:05:33,603009.SH,B,52.650,100
844,58,2025-10-10,2025-10-10 14:05:31,300438.SZ,B,36.820,100
845,63,2025-10-10,2025-10-10 14:05:26,300438.SZ,B,36.820,300
846,63,2025-10-10,2025-10-10 14:05:25,603305.SH,B,17.480,100
847,59,2025-10-10,2025-10-10 14:05:26,603305.SH,B,17.480,400
848,52,2025-10-10,2025-10-10 14:05:18,603166.SH,S,19.270,100
849,61,2025-10-10,2025-10-10 14:05:22,301171.SZ,B,33.260,200
850,61,2025-10-10,2025-10-10 14:05:20,688472.SH,B,13.240,200
851,59,2025-10-10,2025-10-10 14:05:21,600527.SH,S,2.350,1300
852,52,2025-10-10,2025-10-10 14:05:17,300185.SZ,S,3.260,100
853,63,2025-10-10,2025-10-10 14:05:16,002703.SZ,S,13.850,600
854,58,2025-10-10,2025-10-10 14:05:14,301511.SZ,B,34.390,100
855,58,2025-10-10,2025-10-10 14:05:13,301511.SZ,B,34.390,100
856,52,2025-10-10,2025-10-10 14:04:08,600052.SH,B,5.330,100
857,61,2025-10-10,2025-10-10 14:05:10,600864.SH,S,7.550,100
858,58,2025-10-10,2025-10-10 14:05:06,301511.SZ,B,34.390,100
859,52,2025-10-10,2025-10-10 14:05:05,601398.SH,B,7.320,100
860,58,2025-10-10,2025-10-10 14:05:02,300769.SZ,B,42.380,200
861,52,2025-10-10,2025-10-10 14:05:00,300769.SZ,B,42.380,100
862,61,2025-10-10,2025-10-10 14:04:59,301511.SZ,B,34.380,300
863,63,2025-10-10,2025-10-10 14:04:53,300207.SZ,S,31.400,100
864,61,2025-10-10,2025-10-10 14:04:52,300559.SZ,S,15.660,100
865,61,2025-10-10,2025-10-10 14:04:46,603305.SH,S,17.500,300
866,58,2025-10-10,2025-10-10 14:04:47,301171.SZ,B,33.270,100
867,61,2025-10-10,2025-10-10 14:04:45,002527.SZ,S,19.310,100
868,61,2025-10-10,2025-10-10 14:04:43,002527.SZ,S,19.310,100
869,59,2025-10-10,2025-10-10 14:04:41,002527.SZ,S,19.300,300
870,58,2025-10-10,2025-10-10 14:04:38,002527.SZ,S,19.310,100
871,59,2025-10-10,2025-10-10 14:04:25,300252.SZ,B,13.810,500
872,61,2025-10-10,2025-10-10 14:04:25,300252.SZ,B,13.810,700
873,59,2025-10-10,2025-10-10 14:04:14,002222.SZ,S,49.710,200
874,63,2025-10-10,2025-10-10 14:04:12,688008.SH,B,151.480,200
875,58,2025-10-10,2025-10-10 14:04:12,000977.SZ,B,69.980,100
876,63,2025-10-10,2025-10-10 14:04:09,002645.SZ,B,15.880,100
877,61,2025-10-10,2025-10-10 14:04:07,000962.SZ,B,25.150,200
878,58,2025-10-10,2025-10-10 14:04:06,000524.SZ,B,13.200,500
879,58,2025-10-10,2025-10-10 14:04:03,605488.SH,S,34.750,100
880,58,2025-10-10,2025-10-10 14:04:03,605488.SH,S,34.750,100
881,58,2025-10-10,2025-10-10 14:03:57,000977.SZ,B,69.960,100
882,52,2025-10-10,2025-10-10 14:03:55,603009.SH,B,52.700,100
883,61,2025-10-10,2025-10-10 14:03:45,000977.SZ,B,70.000,500
884,58,2025-10-10,2025-10-10 14:03:41,300207.SZ,B,31.400,600
885,52,2025-10-10,2025-10-10 14:02:49,601975.SH,S,3.160,700
886,52,2025-10-10,2025-10-10 14:01:19,000931.SZ,S,5.300,100
887,52,2025-10-10,2025-10-10 14:03:38,300438.SZ,B,36.850,200
888,61,2025-10-10,2025-10-10 14:03:36,000892.SZ,B,6.270,200
889,61,2025-10-10,2025-10-10 14:03:35,301511.SZ,B,34.400,100
890,61,2025-10-10,2025-10-10 14:03:27,002222.SZ,S,49.720,1000
891,59,2025-10-10,2025-10-10 14:03:27,002222.SZ,S,49.720,100
892,61,2025-10-10,2025-10-10 14:03:26,603009.SH,B,52.650,200
893,61,2025-10-10,2025-10-10 14:03:23,600303.SH,S,3.940,1500
894,58,2025-10-10,2025-10-10 14:03:23,600303.SH,S,3.940,1300
895,58,2025-10-10,2025-10-10 14:03:22,600261.SH,S,3.670,1800
896,59,2025-10-10,2025-10-10 14:03:23,600303.SH,S,3.940,600
897,52,2025-10-10,2025-10-10 14:03:03,600303.SH,S,3.940,400
898,58,2025-10-10,2025-10-10 14:03:19,301171.SZ,B,33.270,200
899,61,2025-10-10,2025-10-10 14:03:16,002506.SZ,B,2.570,200
900,61,2025-10-10,2025-10-10 14:03:16,002506.SZ,B,2.570,400
901,61,2025-10-10,2025-10-10 14:03:16,002506.SZ,B,2.570,400
902,61,2025-10-10,2025-10-10 14:03:16,002506.SZ,B,2.570,200
903,61,2025-10-10,2025-10-10 14:03:16,002506.SZ,B,2.570,100
904,61,2025-10-10,2025-10-10 14:03:16,002506.SZ,B,2.570,500
905,59,2025-10-10,2025-10-10 14:03:17,002506.SZ,B,2.570,200
906,59,2025-10-10,2025-10-10 14:03:17,002506.SZ,B,2.570,400
907,59,2025-10-10,2025-10-10 14:03:17,002506.SZ,B,2.570,700
908,52,2025-10-10,2025-10-10 14:03:12,601689.SH,B,74.090,100
909,52,2025-10-10,2025-10-10 14:03:07,301171.SZ,B,33.270,100
910,61,2025-10-10,2025-10-10 14:03:07,301171.SZ,B,33.280,100
911,61,2025-10-10,2025-10-10 14:03:07,301171.SZ,B,33.280,100
912,59,2025-10-10,2025-10-10 14:03:08,301171.SZ,B,33.280,200
913,52,2025-10-10,2025-10-10 14:03:07,603610.SH,S,17.710,300
914,59,2025-10-10,2025-10-10 14:03:06,002338.SZ,S,57.770,100
915,58,2025-10-10,2025-10-10 14:03:06,002506.SZ,B,2.570,1100
916,52,2025-10-10,2025-10-10 14:01:19,002506.SZ,B,2.570,100
917,52,2025-10-10,2025-10-10 14:03:04,000039.SZ,S,8.420,100
918,58,2025-10-10,2025-10-10 14:03:03,300559.SZ,S,15.660,100
919,52,2025-10-10,2025-10-10 14:02:22,300196.SZ,B,15.060,100
920,52,2025-10-10,2025-10-10 14:01:52,301511.SZ,B,34.440,200
921,52,2025-10-10,2025-10-10 14:02:07,300843.SZ,B,53.200,100
922,63,2025-10-10,2025-10-10 14:03:01,000700.SZ,B,10.440,100
923,58,2025-10-10,2025-10-10 14:03:01,603305.SH,S,17.520,100
924,58,2025-10-10,2025-10-10 14:03:00,300043.SZ,B,6.590,1100
925,52,2025-10-10,2025-10-10 14:01:23,300043.SZ,B,6.590,100
926,58,2025-10-10,2025-10-10 14:02:56,603610.SH,S,17.750,900
927,52,2025-10-10,2025-10-10 14:02:04,300207.SZ,B,31.430,200
928,61,2025-10-10,2025-10-10 14:02:39,300769.SZ,B,42.520,400
929,58,2025-10-10,2025-10-10 14:02:36,002657.SZ,S,31.750,200
930,61,2025-10-10,2025-10-10 14:02:35,002338.SZ,S,57.810,100
931,61,2025-10-10,2025-10-10 14:02:35,002338.SZ,S,57.810,100
932,61,2025-10-10,2025-10-10 14:02:32,605488.SH,S,34.790,100
933,61,2025-10-10,2025-10-10 14:02:32,605488.SH,S,34.790,100
934,52,2025-10-10,2025-10-10 14:02:30,603266.SH,S,24.850,100
935,63,2025-10-10,2025-10-10 14:02:30,600026.SH,S,12.250,300
936,58,2025-10-10,2025-10-10 14:02:29,688469.SH,S,6.750,600
937,52,2025-10-10,2025-10-10 14:01:19,688469.SH,S,6.750,512
938,63,2025-10-10,2025-10-10 14:02:25,600026.SH,S,12.250,600
939,52,2025-10-10,2025-10-10 14:01:19,002040.SZ,B,10.340,100
940,61,2025-10-10,2025-10-10 14:02:15,600345.SH,B,26.710,300
941,58,2025-10-10,2025-10-10 14:02:13,002222.SZ,S,50.040,400
942,58,2025-10-10,2025-10-10 14:02:13,002326.SZ,S,17.430,200
943,58,2025-10-10,2025-10-10 14:02:13,002326.SZ,S,17.430,200
944,58,2025-10-10,2025-10-10 14:02:12,002326.SZ,S,17.430,100
945,58,2025-10-10,2025-10-10 14:02:12,002326.SZ,S,17.430,100
946,52,2025-10-10,2025-10-10 14:02:12,002222.SZ,S,50.050,200
947,59,2025-10-10,2025-10-10 14:02:11,002326.SZ,S,17.450,100
948,52,2025-10-10,2025-10-10 14:02:08,600261.SH,S,3.670,100
949,52,2025-10-10,2025-10-10 14:02:08,600261.SH,S,3.670,800
950,63,2025-10-10,2025-10-10 14:02:08,000977.SZ,B,70.110,200
951,61,2025-10-10,2025-10-10 14:02:07,600345.SH,B,26.710,100
952,52,2025-10-10,2025-10-10 14:02:05,000977.SZ,B,70.110,100
953,61,2025-10-10,2025-10-10 14:01:58,688307.SH,S,36.040,205
954,59,2025-10-10,2025-10-10 14:01:59,603009.SH,B,52.730,200
955,61,2025-10-10,2025-10-10 14:01:57,002407.SZ,S,19.170,100
956,52,2025-10-10,2025-10-10 14:01:51,603703.SH,B,11.360,100
957,61,2025-10-10,2025-10-10 14:01:47,001289.SZ,S,18.170,500
958,59,2025-10-10,2025-10-10 14:01:47,001289.SZ,S,18.170,300
959,61,2025-10-10,2025-10-10 14:01:44,002584.SZ,S,9.200,100
960,61,2025-10-10,2025-10-10 14:01:43,300889.SZ,S,19.560,200
961,59,2025-10-10,2025-10-10 14:01:43,300889.SZ,S,19.560,100
962,52,2025-10-10,2025-10-10 14:01:19,300217.SZ,B,5.670,100
963,58,2025-10-10,2025-10-10 14:01:38,002584.SZ,S,9.210,100
964,58,2025-10-10,2025-10-10 14:01:34,300438.SZ,B,36.920,100
965,58,2025-10-10,2025-10-10 14:01:31,300438.SZ,B,36.920,100
966,58,2025-10-10,2025-10-10 14:01:31,300438.SZ,B,36.920,100
967,59,2025-10-10,2025-10-10 14:01:31,300207.SZ,B,31.450,400
968,58,2025-10-10,2025-10-10 14:01:28,600261.SH,S,3.670,1500
969,52,2025-10-10,2025-10-10 14:01:24,600637.SH,S,10.100,200
970,52,2025-10-10,2025-10-10 14:01:24,600637.SH,S,10.100,100
971,63,2025-10-10,2025-10-10 14:01:23,603306.SH,S,51.680,300
972,61,2025-10-10,2025-10-10 14:01:23,603306.SH,S,51.680,200
973,59,2025-10-10,2025-10-10 14:01:24,603306.SH,S,51.680,100
974,52,2025-10-10,2025-10-10 14:01:23,603306.SH,S,51.680,100
975,52,2025-10-10,2025-10-10 14:01:19,000892.SZ,B,6.280,100
976,58,2025-10-10,2025-10-10 14:01:17,603306.SH,S,51.680,300
977,59,2025-10-10,2025-10-10 14:01:16,300043.SZ,B,6.600,400
978,61,2025-10-10,2025-10-10 14:01:16,300043.SZ,B,6.600,1000
979,61,2025-10-10,2025-10-10 14:01:15,300207.SZ,B,31.440,1600
980,61,2025-10-10,2025-10-10 14:01:14,600169.SH,B,2.700,200
981,61,2025-10-10,2025-10-10 14:01:14,600239.SH,B,2.640,200
982,61,2025-10-10,2025-10-10 13:58:54,688469.SH,S,6.730,835
983,61,2025-10-10,2025-10-10 13:58:54,688469.SH,S,6.730,623
984,59,2025-10-10,2025-10-10 13:58:53,688469.SH,S,6.730,439
985,58,2025-10-10,2025-10-10 13:58:30,600261.SH,S,3.660,900
986,52,2025-10-10,2025-10-10 13:58:30,600261.SH,S,3.660,300
987,52,2025-10-10,2025-10-10 13:58:30,002506.SZ,B,2.570,200
988,58,2025-10-10,2025-10-10 13:58:20,688472.SH,B,13.300,369
989,58,2025-10-10,2025-10-10 13:58:14,605488.SH,B,34.740,100
990,58,2025-10-10,2025-10-10 13:58:14,603305.SH,B,17.550,300
991,61,2025-10-10,2025-10-10 13:58:14,603305.SH,B,17.550,100
992,61,2025-10-10,2025-10-10 13:58:14,603305.SH,B,17.550,500
993,58,2025-10-10,2025-10-10 13:58:13,002657.SZ,B,31.700,100
994,52,2025-10-10,2025-10-10 13:58:11,300300.SZ,S,4.870,300
995,58,2025-10-10,2025-10-10 13:58:09,300042.SZ,B,29.140,100
996,58,2025-10-10,2025-10-10 13:58:09,300042.SZ,B,29.140,200
997,58,2025-10-10,2025-10-10 13:58:09,300042.SZ,B,29.140,100
998,61,2025-10-10,2025-10-10 13:58:08,300042.SZ,B,29.140,200
999,61,2025-10-10,2025-10-10 13:58:07,600658.SH,S,5.530,200
1000,59,2025-10-10,2025-10-10 13:58:08,600658.SH,S,5.530,100
1001,58,2025-10-10,2025-10-10 13:58:06,002718.SZ,S,24.690,100
1002,58,2025-10-10,2025-10-10 13:58:06,002357.SZ,S,10.250,1300
1003,58,2025-10-10,2025-10-10 13:58:06,002718.SZ,S,24.690,100
1004,52,2025-10-10,2025-10-10 13:58:06,002245.SZ,S,18.950,100
1005,63,2025-10-10,2025-10-10 13:58:03,688472.SH,B,13.290,424
1006,58,2025-10-10,2025-10-10 13:58:00,002755.SZ,S,20.000,200
1007,61,2025-10-10,2025-10-10 13:58:00,300528.SZ,B,19.860,300
1008,59,2025-10-10,2025-10-10 13:58:00,688472.SH,B,13.290,624
1009,59,2025-10-10,2025-10-10 13:58:00,688472.SH,B,13.290,200
1010,59,2025-10-10,2025-10-10 13:58:00,688472.SH,B,13.290,358
1011,52,2025-10-10,2025-10-10 13:57:59,300042.SZ,B,29.140,200
1012,61,2025-10-10,2025-10-10 13:57:58,300438.SZ,B,37.000,300
1013,61,2025-10-10,2025-10-10 13:57:58,300438.SZ,B,37.000,100
1014,58,2025-10-10,2025-10-10 13:57:57,300300.SZ,S,4.860,1200
1015,52,2025-10-10,2025-10-10 13:57:57,601929.SH,S,3.770,200
1016,58,2025-10-10,2025-10-10 13:57:55,300438.SZ,B,36.980,100
1017,52,2025-10-10,2025-10-10 13:57:54,000008.SZ,S,2.880,200
1018,58,2025-10-10,2025-10-10 13:57:50,601929.SH,S,3.770,700
1019,61,2025-10-10,2025-10-10 13:57:50,600261.SH,S,3.660,300
1020,61,2025-10-10,2025-10-10 13:57:50,600261.SH,S,3.660,300
1021,61,2025-10-10,2025-10-10 13:57:50,600261.SH,S,3.660,400
1022,59,2025-10-10,2025-10-10 13:57:50,600261.SH,S,3.660,400
1023,52,2025-10-10,2025-10-10 13:57:50,600239.SH,B,2.630,200
1024,63,2025-10-10,2025-10-10 13:57:48,000564.SZ,S,2.540,1038
1025,63,2025-10-10,2025-10-10 13:57:48,000564.SZ,S,2.540,8000
1026,63,2025-10-10,2025-10-10 13:57:48,000564.SZ,S,2.540,62
1027,61,2025-10-10,2025-10-10 13:57:41,002472.SZ,B,47.460,100
1028,59,2025-10-10,2025-10-10 13:57:21,601789.SH,S,5.670,500
1029,61,2025-10-10,2025-10-10 13:57:20,601789.SH,S,5.670,1200
1030,52,2025-10-10,2025-10-10 13:55:10,002210.SZ,S,3.890,600
1031,63,2025-10-10,2025-10-10 13:56:59,002230.SZ,B,56.430,200
1032,59,2025-10-10,2025-10-10 13:56:59,002354.SZ,S,6.990,400
1033,58,2025-10-10,2025-10-10 13:56:53,002335.SZ,B,69.540,200
1034,58,2025-10-10,2025-10-10 13:56:51,603703.SH,S,11.320,1200
1035,58,2025-10-10,2025-10-10 13:56:47,600658.SH,S,5.530,300
1036,63,2025-10-10,2025-10-10 13:56:44,601658.SH,B,5.690,100
1037,58,2025-10-10,2025-10-10 13:56:41,002354.SZ,B,6.980,400
1038,61,2025-10-10,2025-10-10 13:56:01,002357.SZ,S,10.240,700
1039,61,2025-10-10,2025-10-10 13:56:01,002357.SZ,S,10.240,500
1040,63,2025-10-10,2025-10-10 13:55:53,600919.SH,B,10.140,100
1041,63,2025-10-10,2025-10-10 13:55:45,600556.SH,S,5.770,700
1042,52,2025-10-10,2025-10-10 13:55:11,601728.SH,S,6.760,100
1043,63,2025-10-10,2025-10-10 13:55:05,002210.SZ,B,3.880,100
1044,63,2025-10-10,2025-10-10 13:54:51,603901.SH,S,11.430,500
1045,63,2025-10-10,2025-10-10 13:54:51,603901.SH,S,11.430,500
1046,63,2025-10-10,2025-10-10 13:54:48,002714.SZ,S,53.550,100
1047,52,2025-10-10,2025-10-10 13:54:27,300559.SZ,S,15.660,100
1048,61,2025-10-10,2025-10-10 13:54:23,300559.SZ,S,15.650,200
1049,59,2025-10-10,2025-10-10 13:54:23,300559.SZ,S,15.650,100
1050,61,2025-10-10,2025-10-10 13:54:18,603306.SH,S,51.780,100
1051,52,2025-10-10,2025-10-10 13:54:10,300269.SZ,B,4.870,200
1052,61,2025-10-10,2025-10-10 13:54:09,002527.SZ,B,19.270,100
1053,61,2025-10-10,2025-10-10 13:54:09,002527.SZ,B,19.270,200
1054,61,2025-10-10,2025-10-10 13:54:09,002527.SZ,B,19.270,100
1055,63,2025-10-10,2025-10-10 13:54:04,000725.SZ,B,4.190,100
1056,59,2025-10-10,2025-10-10 13:53:47,688472.SH,B,13.260,200
1057,59,2025-10-10,2025-10-10 13:53:41,688472.SH,B,13.260,200
1058,52,2025-10-10,2025-10-10 13:53:41,000762.SZ,S,24.960,100
1059,52,2025-10-10,2025-10-10 13:53:39,000425.SZ,S,11.190,100
1060,63,2025-10-10,2025-10-10 13:53:38,688472.SH,B,13.260,200
1061,58,2025-10-10,2025-10-10 13:53:28,600996.SH,B,9.580,400
1062,58,2025-10-10,2025-10-10 13:53:28,688469.SH,S,6.710,673
1063,61,2025-10-10,2025-10-10 13:53:18,002335.SZ,S,69.570,100
1064,59,2025-10-10,2025-10-10 13:53:17,688472.SH,B,13.270,200
1065,58,2025-10-10,2025-10-10 13:53:16,603359.SH,B,8.930,300
1066,58,2025-10-10,2025-10-10 13:53:16,603359.SH,B,8.930,100
1067,59,2025-10-10,2025-10-10 13:53:13,600577.SH,B,10.920,500
1068,59,2025-10-10,2025-10-10 13:53:13,688472.SH,B,13.260,200
1069,61,2025-10-10,2025-10-10 13:53:04,002244.SZ,S,12.150,500
1070,59,2025-10-10,2025-10-10 13:53:04,002244.SZ,S,12.150,200
1071,63,2025-10-10,2025-10-10 13:53:02,688472.SH,B,13.260,200
1072,52,2025-10-10,2025-10-10 13:53:02,300185.SZ,B,3.260,200
1073,58,2025-10-10,2025-10-10 13:53:02,300925.SZ,B,26.190,200
1074,58,2025-10-10,2025-10-10 13:52:58,300925.SZ,B,26.200,200
1075,52,2025-10-10,2025-10-10 13:52:55,300528.SZ,B,19.810,200
1076,59,2025-10-10,2025-10-10 13:52:57,002527.SZ,B,19.250,500
1077,58,2025-10-10,2025-10-10 13:52:56,001289.SZ,S,18.150,75
1078,58,2025-10-10,2025-10-10 13:52:56,001289.SZ,S,18.150,125
1079,58,2025-10-10,2025-10-10 13:52:55,002335.SZ,B,69.490,100
1080,52,2025-10-10,2025-10-10 13:52:54,000039.SZ,B,8.390,200
1081,61,2025-10-10,2025-10-10 13:52:53,688062.SH,B,44.790,487
1082,58,2025-10-10,2025-10-10 13:52:51,688472.SH,B,13.250,200
1083,58,2025-10-10,2025-10-10 13:52:51,688472.SH,B,13.250,600
1084,59,2025-10-10,2025-10-10 13:52:48,300201.SZ,S,5.550,500
1085,61,2025-10-10,2025-10-10 13:52:47,002622.SZ,S,3.130,900
1086,61,2025-10-10,2025-10-10 13:52:47,002622.SZ,S,3.130,4300
1087,52,2025-10-10,2025-10-10 13:49:19,300201.SZ,S,5.550,300
1088,59,2025-10-10,2025-10-10 13:52:47,002622.SZ,S,3.130,2000
1089,58,2025-10-10,2025-10-10 13:52:46,002622.SZ,S,3.130,4600
1090,52,2025-10-10,2025-10-10 13:52:46,002622.SZ,S,3.130,1400
1091,61,2025-10-10,2025-10-10 13:52:35,300042.SZ,B,29.050,600
1092,58,2025-10-10,2025-10-10 13:52:27,002755.SZ,S,20.010,200
1093,52,2025-10-10,2025-10-10 13:52:24,002755.SZ,S,20.010,100
1094,52,2025-10-10,2025-10-10 13:52:15,601778.SH,B,3.840,200
1095,59,2025-10-10,2025-10-10 13:52:09,300438.SZ,B,36.860,500
1096,61,2025-10-10,2025-10-10 13:52:08,300438.SZ,B,36.860,1000
1097,61,2025-10-10,2025-10-10 13:52:04,603703.SH,S,11.310,1300
1098,61,2025-10-10,2025-10-10 13:51:54,600996.SH,B,9.560,300
1099,63,2025-10-10,2025-10-10 13:51:52,002714.SZ,S,53.490,200
1100,52,2025-10-10,2025-10-10 13:49:42,603703.SH,S,11.320,700
1101,52,2025-10-10,2025-10-10 13:51:36,603266.SH,B,24.650,200
1102,58,2025-10-10,2025-10-10 13:51:36,300196.SZ,S,15.010,100
1103,52,2025-10-10,2025-10-10 13:48:13,300196.SZ,S,15.010,100
1104,52,2025-10-10,2025-10-10 13:51:28,600016.SH,S,3.960,200
1105,63,2025-10-10,2025-10-10 13:51:27,688472.SH,B,13.260,200
1106,63,2025-10-10,2025-10-10 13:51:25,002230.SZ,B,56.340,200
1107,59,2025-10-10,2025-10-10 13:51:24,603703.SH,S,11.310,1000
1108,61,2025-10-10,2025-10-10 13:51:15,300925.SZ,B,26.180,100
1109,61,2025-10-10,2025-10-10 13:51:15,300925.SZ,B,26.180,100
1110,52,2025-10-10,2025-10-10 13:50:19,301248.SZ,B,27.440,200
1111,61,2025-10-10,2025-10-10 13:51:14,300925.SZ,B,26.180,200
1112,61,2025-10-10,2025-10-10 13:51:08,300925.SZ,B,26.180,400
1113,52,2025-10-10,2025-10-10 13:50:31,600026.SH,S,12.200,200
1114,58,2025-10-10,2025-10-10 13:51:06,601789.SH,S,5.680,1000
1115,52,2025-10-10,2025-10-10 13:49:41,601789.SH,S,5.680,300
1116,58,2025-10-10,2025-10-10 13:50:57,300438.SZ,B,36.850,300
1117,63,2025-10-10,2025-10-10 13:50:47,002230.SZ,B,56.410,100
1118,52,2025-10-10,2025-10-10 13:50:16,300164.SZ,S,5.820,100
1119,58,2025-10-10,2025-10-10 13:50:44,000703.SZ,S,6.840,900
1120,52,2025-10-10,2025-10-10 13:49:52,000703.SZ,S,6.840,300
1121,52,2025-10-10,2025-10-10 13:50:17,300903.SZ,B,13.100,100
1122,52,2025-10-10,2025-10-10 13:50:42,603306.SH,S,51.390,100
1123,52,2025-10-10,2025-10-10 13:50:17,300903.SZ,B,13.100,100
1124,52,2025-10-10,2025-10-10 13:50:34,601398.SH,S,7.320,100
1125,58,2025-10-10,2025-10-10 13:50:34,688472.SH,B,13.240,200
1126,63,2025-10-10,2025-10-10 13:50:31,002703.SZ,S,13.810,200
1127,63,2025-10-10,2025-10-10 13:50:31,002703.SZ,S,13.810,500
1128,63,2025-10-10,2025-10-10 13:50:31,002703.SZ,S,13.810,500
1129,63,2025-10-10,2025-10-10 13:50:31,002703.SZ,S,13.810,300
1130,63,2025-10-10,2025-10-10 13:50:30,603019.SH,B,113.050,100
1131,58,2025-10-10,2025-10-10 13:50:28,002657.SZ,B,31.600,300
1132,61,2025-10-10,2025-10-10 13:50:27,002527.SZ,B,19.260,300
1133,61,2025-10-10,2025-10-10 13:50:26,603305.SH,B,17.480,600
1134,58,2025-10-10,2025-10-10 13:50:25,603305.SH,B,17.450,500
1135,58,2025-10-10,2025-10-10 13:50:21,002527.SZ,B,19.260,400
1136,58,2025-10-10,2025-10-10 13:50:18,002335.SZ,B,69.530,100
1137,63,2025-10-10,2025-10-10 13:50:18,301356.SZ,S,24.400,100
1138,63,2025-10-10,2025-10-10 13:50:18,301356.SZ,S,24.400,100
1139,52,2025-10-10,2025-10-10 13:50:10,002244.SZ,S,12.160,400
1140,63,2025-10-10,2025-10-10 13:50:14,002230.SZ,B,56.400,100
1141,58,2025-10-10,2025-10-10 13:50:10,300201.SZ,S,5.540,1100
1142,58,2025-10-10,2025-10-10 13:50:02,002244.SZ,S,12.190,400
1143,59,2025-10-10,2025-10-10 13:50:00,000059.SZ,S,5.190,100
1144,61,2025-10-10,2025-10-10 13:49:57,002361.SZ,S,6.550,100
1145,59,2025-10-10,2025-10-10 13:49:56,300196.SZ,S,15.000,100
1146,61,2025-10-10,2025-10-10 13:49:55,300196.SZ,S,15.000,200
1147,61,2025-10-10,2025-10-10 13:49:55,001289.SZ,S,18.160,200
1148,59,2025-10-10,2025-10-10 13:49:55,001289.SZ,S,18.160,100
1149,61,2025-10-10,2025-10-10 13:49:52,601929.SH,S,3.770,800
1150,59,2025-10-10,2025-10-10 13:49:52,601929.SH,S,3.770,300
1151,63,2025-10-10,2025-10-10 13:49:51,688469.SH,S,6.710,312
1152,52,2025-10-10,2025-10-10 13:49:49,000422.SZ,S,15.160,100
1153,58,2025-10-10,2025-10-10 13:49:45,002357.SZ,S,10.250,1200
1154,61,2025-10-10,2025-10-10 13:49:44,603703.SH,S,11.320,600
1155,52,2025-10-10,2025-10-10 13:49:44,002357.SZ,S,10.250,800
1156,52,2025-10-10,2025-10-10 13:49:42,600169.SH,B,2.690,200
1157,52,2025-10-10,2025-10-10 13:48:46,300438.SZ,B,36.830,200
1158,52,2025-10-10,2025-10-10 13:47:06,601908.SH,B,4.210,200
1159,63,2025-10-10,2025-10-10 13:49:37,603901.SH,S,11.420,300
1160,63,2025-10-10,2025-10-10 13:49:37,603901.SH,S,11.420,200
1161,63,2025-10-10,2025-10-10 13:49:37,002352.SZ,S,41.230,200
1162,63,2025-10-10,2025-10-10 13:49:37,603901.SH,S,11.420,100
1163,52,2025-10-10,2025-10-10 13:49:30,000830.SZ,S,14.790,100
1164,63,2025-10-10,2025-10-10 13:49:26,300274.SZ,B,147.880,100
1165,58,2025-10-10,2025-10-10 13:49:23,000422.SZ,S,15.160,400
1166,59,2025-10-10,2025-10-10 13:49:21,002755.SZ,S,20.030,200
1167,61,2025-10-10,2025-10-10 13:49:20,002755.SZ,S,20.030,100
1168,61,2025-10-10,2025-10-10 13:49:20,002755.SZ,S,20.030,400
1169,58,2025-10-10,2025-10-10 13:49:17,603703.SH,S,11.330,600
1170,52,2025-10-10,2025-10-10 13:49:11,002772.SZ,S,10.310,100
1171,52,2025-10-10,2025-10-10 13:49:06,002230.SZ,B,56.470,200
1172,58,2025-10-10,2025-10-10 13:49:00,603703.SH,S,11.330,400
1173,61,2025-10-10,2025-10-10 13:48:58,300201.SZ,S,5.550,300
1174,61,2025-10-10,2025-10-10 13:48:52,300201.SZ,S,5.550,900
1175,61,2025-10-10,2025-10-10 13:48:52,603306.SH,S,51.050,200
1176,59,2025-10-10,2025-10-10 13:48:52,603306.SH,S,51.050,100
1177,63,2025-10-10,2025-10-10 13:48:48,300207.SZ,B,31.430,900
1178,52,2025-10-10,2025-10-10 13:48:46,300925.SZ,B,26.180,200
1179,52,2025-10-10,2025-10-10 13:48:43,002645.SZ,B,15.880,200
1180,61,2025-10-10,2025-10-10 13:48:42,002357.SZ,S,10.260,1900
1181,52,2025-10-10,2025-10-10 13:47:54,603305.SH,B,17.450,200
1182,59,2025-10-10,2025-10-10 13:48:29,002357.SZ,S,10.260,300
1183,59,2025-10-10,2025-10-10 13:48:29,002357.SZ,S,10.260,900
1184,58,2025-10-10,2025-10-10 13:48:25,600577.SH,B,10.900,400
1185,61,2025-10-10,2025-10-10 13:48:22,002226.SZ,S,7.140,100
1186,63,2025-10-10,2025-10-10 13:48:13,002714.SZ,S,53.410,100
1187,63,2025-10-10,2025-10-10 13:48:13,002714.SZ,S,53.410,100
1188,58,2025-10-10,2025-10-10 13:48:13,300438.SZ,B,36.850,400
1189,61,2025-10-10,2025-10-10 13:47:59,002335.SZ,S,69.570,100
1190,61,2025-10-10,2025-10-10 13:47:57,603703.SH,S,11.340,600
1191,58,2025-10-10,2025-10-10 13:47:49,300559.SZ,S,15.690,100
1192,58,2025-10-10,2025-10-10 13:47:36,603306.SH,S,50.980,300
1193,58,2025-10-10,2025-10-10 13:47:31,688472.SH,B,13.240,63
1194,58,2025-10-10,2025-10-10 13:47:31,688472.SH,B,13.240,200
1195,58,2025-10-10,2025-10-10 13:47:31,688472.SH,B,13.240,200
1196,58,2025-10-10,2025-10-10 13:47:31,688472.SH,B,13.240,200
1197,58,2025-10-10,2025-10-10 13:47:31,688472.SH,B,13.240,137
1198,52,2025-10-10,2025-10-10 13:47:02,000931.SZ,B,5.270,200
1199,58,2025-10-10,2025-10-10 13:47:24,605488.SH,B,34.550,100
1200,61,2025-10-10,2025-10-10 13:47:21,002472.SZ,B,47.020,200
1201,61,2025-10-10,2025-10-10 13:47:20,688062.SH,B,44.790,400
1202,61,2025-10-10,2025-10-10 13:47:16,002915.SZ,S,26.730,100
1203,61,2025-10-10,2025-10-10 13:47:12,300300.SZ,S,4.870,1400
1204,59,2025-10-10,2025-10-10 13:47:12,300300.SZ,S,4.870,500
1205,52,2025-10-10,2025-10-10 13:47:08,300435.SZ,S,21.960,100
1206,63,2025-10-10,2025-10-10 13:47:07,600556.SH,S,5.800,100
1207,63,2025-10-10,2025-10-10 13:47:07,600556.SH,S,5.800,1100
1208,63,2025-10-10,2025-10-10 13:47:07,600556.SH,S,5.800,600
1209,58,2025-10-10,2025-10-10 13:47:05,688469.SH,S,6.710,600
1210,52,2025-10-10,2025-10-10 13:47:04,603119.SH,B,102.990,200
1211,52,2025-10-10,2025-10-10 13:47:03,688469.SH,S,6.710,274
1212,61,2025-10-10,2025-10-10 13:47:03,605488.SH,B,34.570,700
1213,59,2025-10-10,2025-10-10 13:47:00,000422.SZ,S,15.160,100
1214,61,2025-10-10,2025-10-10 13:46:59,000422.SZ,S,15.160,400
1215,58,2025-10-10,2025-10-10 13:46:59,605488.SH,B,34.540,200
1216,61,2025-10-10,2025-10-10 13:46:56,002718.SZ,S,24.640,200
1217,61,2025-10-10,2025-10-10 13:46:56,300435.SZ,S,21.850,400
1218,61,2025-10-10,2025-10-10 13:46:56,000762.SZ,S,24.970,400
1219,61,2025-10-10,2025-10-10 13:46:56,000703.SZ,S,6.850,1000
1220,59,2025-10-10,2025-10-10 13:46:56,002718.SZ,S,24.640,100
1221,59,2025-10-10,2025-10-10 13:46:56,002271.SZ,S,12.940,100
1222,58,2025-10-10,2025-10-10 13:46:55,300435.SZ,S,21.850,300
1223,58,2025-10-10,2025-10-10 13:46:55,002915.SZ,S,26.720,100
1224,59,2025-10-10,2025-10-10 13:46:55,000703.SZ,S,6.850,200
1225,59,2025-10-10,2025-10-10 13:46:55,000703.SZ,S,6.850,200
1226,63,2025-10-10,2025-10-10 13:46:50,603799.SH,S,64.570,200
1227,63,2025-10-10,2025-10-10 13:46:40,002475.SZ,S,61.790,100
1228,63,2025-10-10,2025-10-10 13:46:21,603019.SH,B,113.150,100
1229,63,2025-10-10,2025-10-10 13:46:21,603019.SH,B,113.150,100
1230,63,2025-10-10,2025-10-10 13:46:14,601689.SH,B,73.800,200
1231,63,2025-10-10,2025-10-10 13:46:12,300324.SZ,S,6.280,400
1232,61,2025-10-10,2025-10-10 13:43:22,300126.SZ,S,10.220,500
1233,52,2025-10-10,2025-10-10 13:43:09,002245.SZ,B,18.920,200
1234,52,2025-10-10,2025-10-10 13:42:45,000008.SZ,B,2.890,200
1235,61,2025-10-10,2025-10-10 13:42:41,601018.SH,S,3.740,100
1236,63,2025-10-10,2025-10-10 13:41:21,603809.SH,S,15.800,500
1237,61,2025-10-10,2025-10-10 13:41:05,300189.SZ,S,4.460,1200
1238,59,2025-10-10,2025-10-10 13:41:05,300189.SZ,S,4.460,400
1239,59,2025-10-10,2025-10-10 13:40:19,600936.SH,S,3.630,100
1240,61,2025-10-10,2025-10-10 13:40:15,603035.SH,S,18.810,400
1241,61,2025-10-10,2025-10-10 13:40:03,002237.SZ,B,15.240,400
1242,61,2025-10-10,2025-10-10 13:39:59,002335.SZ,B,69.540,100
1243,58,2025-10-10,2025-10-10 13:39:58,000762.SZ,B,24.910,300
1244,63,2025-10-10,2025-10-10 13:39:48,002475.SZ,B,61.510,100
1245,61,2025-10-10,2025-10-10 13:39:45,000762.SZ,B,24.910,300
1246,63,2025-10-10,2025-10-10 13:39:41,002714.SZ,S,53.350,100
1247,61,2025-10-10,2025-10-10 13:39:40,600527.SH,S,2.350,100
1248,52,2025-10-10,2025-10-10 13:39:36,002210.SZ,S,3.890,200
1249,63,2025-10-10,2025-10-10 13:39:33,603809.SH,S,15.820,500
1250,58,2025-10-10,2025-10-10 13:39:31,002210.SZ,S,3.890,500
1251,59,2025-10-10,2025-10-10 13:38:42,688469.SH,S,6.720,200
1252,58,2025-10-10,2025-10-10 13:38:31,000762.SZ,B,24.930,400
1253,59,2025-10-10,2025-10-10 13:38:22,600556.SH,S,5.800,600
1254,59,2025-10-10,2025-10-10 13:38:22,600556.SH,S,5.800,600
1255,59,2025-10-10,2025-10-10 13:38:22,600556.SH,S,5.800,600
1256,61,2025-10-10,2025-10-10 13:38:21,600556.SH,S,5.800,2400
1257,61,2025-10-10,2025-10-10 13:38:21,600556.SH,S,5.800,2200
1258,61,2025-10-10,2025-10-10 13:38:12,600983.SH,S,10.400,100
1259,52,2025-10-10,2025-10-10 13:38:04,002237.SZ,B,15.260,500
1260,61,2025-10-10,2025-10-10 13:38:05,300666.SZ,B,96.690,300
1261,63,2025-10-10,2025-10-10 13:38:04,002475.SZ,B,61.610,100
1262,58,2025-10-10,2025-10-10 13:38:04,002237.SZ,B,15.260,2500
1263,52,2025-10-10,2025-10-10 13:38:04,002475.SZ,B,61.610,100
1264,63,2025-10-10,2025-10-10 13:38:01,002196.SZ,B,9.850,100
1265,52,2025-10-10,2025-10-10 13:37:39,002472.SZ,B,47.030,100
1266,59,2025-10-10,2025-10-10 13:37:33,601689.SH,B,73.990,100
1267,61,2025-10-10,2025-10-10 13:37:07,300811.SZ,S,78.400,100
1268,61,2025-10-10,2025-10-10 13:37:05,600688.SH,S,2.760,100
1269,52,2025-10-10,2025-10-10 13:36:59,601778.SH,S,3.840,100
1270,58,2025-10-10,2025-10-10 13:36:51,002501.SZ,B,2.540,3600
1271,52,2025-10-10,2025-10-10 13:35:13,002501.SZ,B,2.540,500
1272,59,2025-10-10,2025-10-10 13:36:38,601689.SH,B,74.100,200
1273,63,2025-10-10,2025-10-10 13:36:36,601166.SH,B,19.710,100
1274,61,2025-10-10,2025-10-10 13:36:28,002210.SZ,S,3.900,600
1275,59,2025-10-10,2025-10-10 13:36:28,002210.SZ,S,3.900,200
1276,61,2025-10-10,2025-10-10 13:36:25,300126.SZ,S,10.200,700
1277,58,2025-10-10,2025-10-10 13:36:25,300126.SZ,S,10.200,900
1278,59,2025-10-10,2025-10-10 13:36:21,002400.SZ,S,8.570,100
1279,61,2025-10-10,2025-10-10 13:36:20,002400.SZ,S,8.570,1000
1280,61,2025-10-10,2025-10-10 13:36:19,002237.SZ,B,15.280,600
1281,61,2025-10-10,2025-10-10 13:36:15,002237.SZ,B,15.280,300
1282,61,2025-10-10,2025-10-10 13:36:09,002688.SZ,S,6.830,100
1283,59,2025-10-10,2025-10-10 13:36:06,300300.SZ,S,4.880,300
1284,61,2025-10-10,2025-10-10 13:36:05,300300.SZ,S,4.880,600
1285,58,2025-10-10,2025-10-10 13:36:04,300340.SZ,S,13.680,200
1286,52,2025-10-10,2025-10-10 13:36:03,300340.SZ,S,13.690,100
1287,63,2025-10-10,2025-10-10 13:36:02,000629.SZ,B,3.120,100
1288,61,2025-10-10,2025-10-10 13:35:54,002335.SZ,B,69.610,200
1289,59,2025-10-10,2025-10-10 13:35:53,002354.SZ,B,7.000,600
1290,61,2025-10-10,2025-10-10 13:35:48,002237.SZ,B,15.290,700
1291,61,2025-10-10,2025-10-10 13:35:43,000762.SZ,B,24.990,400
1292,58,2025-10-10,2025-10-10 13:35:35,600345.SH,B,26.650,600
1293,61,2025-10-10,2025-10-10 13:35:33,002065.SZ,S,10.720,200
1294,58,2025-10-10,2025-10-10 13:35:32,300559.SZ,S,15.660,100
1295,58,2025-10-10,2025-10-10 13:35:30,603035.SH,S,18.700,600
1296,61,2025-10-10,2025-10-10 13:35:30,603035.SH,S,18.680,600
1297,52,2025-10-10,2025-10-10 13:35:28,002065.SZ,S,10.720,100
1298,63,2025-10-10,2025-10-10 13:35:26,603809.SH,S,15.860,520
1299,63,2025-10-10,2025-10-10 13:35:25,603809.SH,S,15.860,80
1300,63,2025-10-10,2025-10-10 13:35:23,600050.SH,B,5.570,100
1301,52,2025-10-10,2025-10-10 13:34:56,600026.SH,S,12.220,200
1302,63,2025-10-10,2025-10-10 13:35:04,688063.SH,S,68.720,200
1303,52,2025-10-10,2025-10-10 13:33:30,603698.SH,S,21.600,100
1304,52,2025-10-10,2025-10-10 13:34:27,000762.SZ,B,25.020,200
1305,58,2025-10-10,2025-10-10 13:34:26,300189.SZ,S,4.460,800
1306,52,2025-10-10,2025-10-10 13:31:20,300189.SZ,S,4.460,300
1307,58,2025-10-10,2025-10-10 13:34:26,000762.SZ,B,25.020,500
1308,58,2025-10-10,2025-10-10 13:34:25,300189.SZ,S,4.460,200
1309,58,2025-10-10,2025-10-10 13:34:16,002065.SZ,S,10.720,200
1310,52,2025-10-10,2025-10-10 13:34:11,002472.SZ,B,47.230,100
1311,52,2025-10-10,2025-10-10 13:34:00,603690.SH,S,32.200,100
1312,63,2025-10-10,2025-10-10 13:33:52,002714.SZ,S,53.270,100
1313,63,2025-10-10,2025-10-10 13:33:52,002714.SZ,S,53.270,100
1314,58,2025-10-10,2025-10-10 13:33:42,600556.SH,S,5.770,2400
1315,58,2025-10-10,2025-10-10 13:33:40,600556.SH,S,5.770,4700
1316,63,2025-10-10,2025-10-10 13:33:35,601818.SH,B,3.360,100
1317,61,2025-10-10,2025-10-10 13:33:35,002651.SZ,S,11.710,100
1318,58,2025-10-10,2025-10-10 13:33:31,600556.SH,S,5.760,700
1319,61,2025-10-10,2025-10-10 13:33:29,300340.SZ,S,13.700,300
1320,59,2025-10-10,2025-10-10 13:33:29,300340.SZ,S,13.700,100
1321,63,2025-10-10,2025-10-10 13:33:27,002651.SZ,S,11.710,100
1322,63,2025-10-10,2025-10-10 13:33:27,002651.SZ,S,11.710,300
1323,61,2025-10-10,2025-10-10 13:33:24,301213.SZ,S,53.060,100
1324,59,2025-10-10,2025-10-10 13:33:14,600556.SH,S,5.760,1600
1325,61,2025-10-10,2025-10-10 13:33:13,600556.SH,S,5.760,3400
1326,61,2025-10-10,2025-10-10 13:33:13,600556.SH,S,5.760,800
1327,63,2025-10-10,2025-10-10 13:33:10,002475.SZ,B,61.690,200
1328,52,2025-10-10,2025-10-10 13:33:10,002475.SZ,B,61.690,100
1329,63,2025-10-10,2025-10-10 13:32:46,003816.SZ,B,3.840,100
1330,52,2025-10-10,2025-10-10 13:32:20,600016.SH,B,3.950,200
1331,61,2025-10-10,2025-10-10 13:32:43,300559.SZ,S,15.690,100
1332,63,2025-10-10,2025-10-10 13:32:43,300559.SZ,S,15.690,100
1333,59,2025-10-10,2025-10-10 13:32:43,300559.SZ,S,15.690,100
1334,52,2025-10-10,2025-10-10 13:31:21,000875.SZ,S,6.300,100
1335,52,2025-10-10,2025-10-10 13:32:33,603035.SH,S,18.480,400
1336,61,2025-10-10,2025-10-10 13:32:30,300537.SZ,S,26.540,100
1337,52,2025-10-10,2025-10-10 13:31:34,300164.SZ,S,5.820,100
1338,52,2025-10-10,2025-10-10 13:32:21,688469.SH,S,6.730,200
1339,63,2025-10-10,2025-10-10 13:32:23,300395.SZ,B,75.030,100
1340,63,2025-10-10,2025-10-10 13:32:16,000564.SZ,B,2.550,100
1341,52,2025-10-10,2025-10-10 13:32:15,600157.SH,S,1.720,1600
1342,63,2025-10-10,2025-10-10 13:32:14,601689.SH,B,74.120,100
1343,52,2025-10-10,2025-10-10 13:32:12,002772.SZ,B,10.280,200
1344,58,2025-10-10,2025-10-10 13:32:10,300300.SZ,S,4.890,600
1345,59,2025-10-10,2025-10-10 13:32:10,600345.SH,B,26.670,600
1346,52,2025-10-10,2025-10-10 13:31:46,300300.SZ,S,4.890,200
1347,52,2025-10-10,2025-10-10 13:32:10,600345.SH,B,26.670,200
1348,58,2025-10-10,2025-10-10 13:32:09,600345.SH,B,26.670,600
1349,59,2025-10-10,2025-10-10 13:32:08,300827.SZ,S,32.590,100
1350,58,2025-10-10,2025-10-10 13:31:55,603035.SH,S,18.490,700
1351,61,2025-10-10,2025-10-10 13:31:49,300409.SZ,S,26.230,100
1352,61,2025-10-10,2025-10-10 13:31:43,000762.SZ,B,25.010,600
1353,61,2025-10-10,2025-10-10 13:31:43,002335.SZ,B,69.770,100
1354,61,2025-10-10,2025-10-10 13:31:43,002335.SZ,B,69.770,200
1355,52,2025-10-10,2025-10-10 13:31:36,600556.SH,S,5.760,1100
1356,52,2025-10-10,2025-10-10 13:31:31,600556.SH,S,5.760,1300
1357,52,2025-10-10,2025-10-10 13:31:31,600556.SH,S,5.760,500
1358,61,2025-10-10,2025-10-10 13:31:40,000422.SZ,S,15.210,100
1359,52,2025-10-10,2025-10-10 13:31:31,600556.SH,S,5.760,100
1360,52,2025-10-10,2025-10-10 13:31:37,300126.SZ,S,10.410,500
1361,59,2025-10-10,2025-10-10 13:31:35,300435.SZ,S,21.830,200
1362,61,2025-10-10,2025-10-10 13:31:34,300435.SZ,S,21.830,500
1363,63,2025-10-10,2025-10-10 13:31:30,002517.SZ,B,25.320,200
1364,52,2025-10-10,2025-10-10 13:31:30,000060.SZ,B,5.960,500
1365,52,2025-10-10,2025-10-10 13:31:27,002517.SZ,B,25.320,200
1366,59,2025-10-10,2025-10-10 13:31:24,300126.SZ,S,10.440,700
1367,52,2025-10-10,2025-10-10 13:31:24,002400.SZ,S,8.550,200
1368,58,2025-10-10,2025-10-10 13:31:22,002400.SZ,S,8.550,900
1369,52,2025-10-10,2025-10-10 13:31:20,300435.SZ,S,21.820,100
1370,52,2025-10-10,2025-10-10 13:31:20,000425.SZ,B,11.260,200
1371,59,2025-10-10,2025-10-10 13:31:17,601689.SH,B,74.020,300
1372,58,2025-10-10,2025-10-10 13:31:17,300435.SZ,S,21.810,500
1373,61,2025-10-10,2025-10-10 13:31:16,603035.SH,S,18.460,600
1374,61,2025-10-10,2025-10-10 13:31:16,300126.SZ,S,10.440,600
1375,63,2025-10-10,2025-10-10 13:31:16,002517.SZ,B,25.370,300
1376,61,2025-10-10,2025-10-10 13:31:16,300126.SZ,S,10.440,200
1377,61,2025-10-10,2025-10-10 13:31:16,002501.SZ,B,2.540,2000
1378,59,2025-10-10,2025-10-10 13:31:16,603035.SH,S,18.460,600
1379,58,2025-10-10,2025-10-10 13:31:16,300126.SZ,S,10.440,900
1380,63,2025-10-10,2025-10-10 13:31:15,601899.SH,B,30.970,100
1381,52,2025-10-10,2025-10-10 13:18:55,000875.SZ,B,6.290,200
1382,59,2025-10-10,2025-10-10 13:28:08,601975.SH,S,3.130,100
1383,59,2025-10-10,2025-10-10 13:28:08,603229.SH,S,10.180,100
1384,61,2025-10-10,2025-10-10 13:28:07,601975.SH,S,3.130,200
1385,61,2025-10-10,2025-10-10 13:28:01,600577.SH,B,10.930,800
1386,58,2025-10-10,2025-10-10 13:28:00,601689.SH,B,74.160,100
1387,61,2025-10-10,2025-10-10 13:27:57,000008.SZ,S,2.890,100
1388,58,2025-10-10,2025-10-10 13:27:53,600026.SH,S,12.200,500
1389,63,2025-10-10,2025-10-10 13:27:47,003816.SZ,S,3.830,100
1390,59,2025-10-10,2025-10-10 13:27:47,601339.SH,S,5.550,100
1391,59,2025-10-10,2025-10-10 13:27:47,000552.SZ,S,2.570,100
1392,61,2025-10-10,2025-10-10 13:26:01,600026.SH,S,12.230,400
1393,52,2025-10-10,2025-10-10 13:25:59,600019.SH,S,7.320,100
1394,52,2025-10-10,2025-10-10 13:16:18,002506.SZ,S,2.570,100
1395,58,2025-10-10,2025-10-10 13:25:39,002256.SZ,S,3.130,100
1396,58,2025-10-10,2025-10-10 13:25:38,601689.SH,B,74.260,200
1397,58,2025-10-10,2025-10-10 13:25:34,601689.SH,B,74.260,100
1398,58,2025-10-10,2025-10-10 13:25:28,002400.SZ,S,8.560,1200
1399,61,2025-10-10,2025-10-10 13:24:45,601689.SH,B,74.300,100
1400,61,2025-10-10,2025-10-10 13:24:29,600026.SH,S,12.240,700
1401,52,2025-10-10,2025-10-10 13:24:26,000008.SZ,S,2.890,100
1402,58,2025-10-10,2025-10-10 13:24:16,002269.SZ,S,2.390,100
1403,58,2025-10-10,2025-10-10 13:24:15,000514.SZ,S,5.460,100
1404,58,2025-10-10,2025-10-10 13:23:58,600026.SH,S,12.240,500
1405,52,2025-10-10,2025-10-10 13:22:54,600104.SH,S,17.290,100
1406,52,2025-10-10,2025-10-10 13:23:54,601689.SH,B,74.200,100
1407,61,2025-10-10,2025-10-10 13:23:38,002354.SZ,S,6.990,100
1408,61,2025-10-10,2025-10-10 13:22:53,300164.SZ,S,5.820,100
1409,61,2025-10-10,2025-10-10 13:22:51,300182.SZ,S,6.240,100
1410,61,2025-10-10,2025-10-10 13:22:46,603009.SH,S,52.930,100
1411,61,2025-10-10,2025-10-10 13:22:38,601515.SH,S,4.860,100
1412,61,2025-10-10,2025-10-10 13:22:38,002527.SZ,S,19.410,200
1413,61,2025-10-10,2025-10-10 13:22:32,300249.SZ,S,15.890,100
1414,61,2025-10-10,2025-10-10 13:22:22,002645.SZ,S,15.980,300
1415,59,2025-10-10,2025-10-10 13:22:22,002645.SZ,S,15.980,100
1416,61,2025-10-10,2025-10-10 13:22:11,603110.SH,S,18.990,100
1417,61,2025-10-10,2025-10-10 13:21:53,300811.SZ,B,78.870,100
1418,58,2025-10-10,2025-10-10 13:21:41,002501.SZ,B,2.540,800
1419,58,2025-10-10,2025-10-10 13:21:36,601689.SH,B,74.350,100
1420,63,2025-10-10,2025-10-10 13:21:24,601166.SH,S,19.680,100
1421,58,2025-10-10,2025-10-10 13:21:10,601689.SH,B,74.330,100
1422,59,2025-10-10,2025-10-10 13:21:10,600256.SH,S,5.330,100
1423,61,2025-10-10,2025-10-10 13:21:10,600256.SH,S,5.330,100
1424,59,2025-10-10,2025-10-10 13:21:08,603588.SH,S,8.280,100
1425,52,2025-10-10,2025-10-10 13:20:49,000988.SZ,S,86.410,100
1426,52,2025-10-10,2025-10-10 13:19:07,688472.SH,S,13.260,206
1427,59,2025-10-10,2025-10-10 13:20:54,002400.SZ,S,8.570,1100
1428,59,2025-10-10,2025-10-10 13:20:54,600157.SH,B,1.730,2900
1429,61,2025-10-10,2025-10-10 13:20:54,002400.SZ,S,8.570,2600
1430,61,2025-10-10,2025-10-10 13:20:53,600157.SH,B,1.730,2400
1431,61,2025-10-10,2025-10-10 13:20:53,600157.SH,B,1.730,3200
1432,58,2025-10-10,2025-10-10 13:20:48,600157.SH,B,1.720,7700
1433,52,2025-10-10,2025-10-10 13:20:48,600157.SH,B,1.720,4700
1434,52,2025-10-10,2025-10-10 13:20:48,002426.SZ,S,3.500,400
1435,58,2025-10-10,2025-10-10 13:20:47,300201.SZ,S,5.560,200
1436,58,2025-10-10,2025-10-10 13:20:44,000422.SZ,S,15.160,400
1437,58,2025-10-10,2025-10-10 13:20:41,603009.SH,S,52.930,100
1438,58,2025-10-10,2025-10-10 13:20:41,601975.SH,S,3.140,100
1439,52,2025-10-10,2025-10-10 13:20:40,000422.SZ,S,15.160,100
1440,61,2025-10-10,2025-10-10 13:20:30,601689.SH,B,74.370,200
1441,58,2025-10-10,2025-10-10 13:20:30,300049.SZ,S,70.150,100
1442,61,2025-10-10,2025-10-10 13:20:19,000988.SZ,S,86.400,100
1443,61,2025-10-10,2025-10-10 13:20:13,688123.SH,S,143.000,200
1444,58,2025-10-10,2025-10-10 13:19:46,601689.SH,B,74.310,100
1445,52,2025-10-10,2025-10-10 13:19:46,603035.SH,S,18.060,100
1446,63,2025-10-10,2025-10-10 13:19:44,002738.SZ,B,51.340,100
1447,59,2025-10-10,2025-10-10 13:19:40,000422.SZ,S,15.140,200
1448,61,2025-10-10,2025-10-10 13:19:40,000422.SZ,S,15.140,400
1449,61,2025-10-10,2025-10-10 13:19:34,601689.SH,B,74.340,100
1450,59,2025-10-10,2025-10-10 13:19:31,002384.SZ,S,70.390,100
1451,61,2025-10-10,2025-10-10 13:19:11,603090.SH,B,50.980,300
1452,61,2025-10-10,2025-10-10 13:19:08,300201.SZ,S,5.570,300
1453,59,2025-10-10,2025-10-10 13:19:08,300201.SZ,S,5.570,100
1454,59,2025-10-10,2025-10-10 13:19:05,600026.SH,S,12.190,700
1455,52,2025-10-10,2025-10-10 13:18:30,600026.SH,S,12.190,500
1456,58,2025-10-10,2025-10-10 13:19:02,600233.SH,S,18.080,100
1457,61,2025-10-10,2025-10-10 13:18:59,600577.SH,B,10.930,300
1458,63,2025-10-10,2025-10-10 13:18:58,603019.SH,B,113.560,100
1459,58,2025-10-10,2025-10-10 13:18:39,002400.SZ,S,8.530,1100
1460,52,2025-10-10,2025-10-10 13:18:38,002400.SZ,S,8.530,700
1461,58,2025-10-10,2025-10-10 13:18:35,600026.SH,S,12.190,600
1462,52,2025-10-10,2025-10-10 13:18:10,603225.SH,S,16.840,100
1463,59,2025-10-10,2025-10-10 13:18:25,002237.SZ,B,15.230,900
1464,58,2025-10-10,2025-10-10 13:18:24,603936.SH,S,12.650,100
1465,61,2025-10-10,2025-10-10 13:18:22,603595.SH,S,23.370,100
1466,52,2025-10-10,2025-10-10 13:17:09,002501.SZ,B,2.540,200
1467,61,2025-10-10,2025-10-10 13:18:00,002501.SZ,B,2.540,1100
1468,52,2025-10-10,2025-10-10 13:16:18,600577.SH,B,10.930,500
1469,59,2025-10-10,2025-10-10 13:18:00,002501.SZ,B,2.540,900
1470,61,2025-10-10,2025-10-10 13:17:53,600026.SH,S,12.190,900
1471,52,2025-10-10,2025-10-10 13:16:18,300201.SZ,S,5.570,100
1472,61,2025-10-10,2025-10-10 13:17:40,600331.SH,S,10.940,100
1473,59,2025-10-10,2025-10-10 13:17:39,600527.SH,S,2.360,300
1474,61,2025-10-10,2025-10-10 13:17:38,600527.SH,S,2.360,900
1475,63,2025-10-10,2025-10-10 13:17:33,300124.SZ,B,85.860,100
1476,59,2025-10-10,2025-10-10 13:17:19,002256.SZ,S,3.140,100
1477,52,2025-10-10,2025-10-10 13:17:15,601689.SH,B,74.300,100
1478,58,2025-10-10,2025-10-10 13:17:15,601689.SH,B,74.300,100
1479,61,2025-10-10,2025-10-10 13:17:11,688469.SH,S,6.710,200
1480,58,2025-10-10,2025-10-10 13:17:04,603110.SH,S,19.040,100
1481,58,2025-10-10,2025-10-10 13:17:00,601598.SH,S,6.440,100
1482,52,2025-10-10,2025-10-10 13:16:42,603613.SH,B,30.630,200
1483,59,2025-10-10,2025-10-10 13:16:50,002947.SZ,S,48.850,100
1484,61,2025-10-10,2025-10-10 13:16:41,603236.SH,S,104.820,100
1485,58,2025-10-10,2025-10-10 13:16:41,600527.SH,S,2.360,800
1486,52,2025-10-10,2025-10-10 13:16:18,600527.SH,S,2.360,300
1487,58,2025-10-10,2025-10-10 13:16:38,688469.SH,S,6.720,200
1488,61,2025-10-10,2025-10-10 13:16:37,300811.SZ,B,78.930,200
1489,61,2025-10-10,2025-10-10 13:16:24,601689.SH,B,74.430,100
1490,61,2025-10-10,2025-10-10 13:16:24,601689.SH,B,74.430,300
1491,63,2025-10-10,2025-10-10 13:16:21,002645.SZ,B,15.970,200
1492,52,2025-10-10,2025-10-10 13:16:18,603588.SH,S,8.290,100
1493,63,2025-10-10,2025-10-10 13:16:16,603799.SH,S,65.110,100
1494,63,2025-10-10,2025-10-10 13:16:15,603799.SH,S,65.110,100
1495,63,2025-10-10,2025-10-10 13:16:15,603799.SH,S,65.110,100
1496,63,2025-10-10,2025-10-10 13:16:14,603799.SH,S,65.110,100
1497,59,2025-10-10,2025-10-10 13:13:27,002547.SZ,S,5.330,100
1498,52,2025-10-10,2025-10-10 13:13:19,688472.SH,B,13.240,312
1499,61,2025-10-10,2025-10-10 13:13:18,002210.SZ,S,3.910,1000
1500,61,2025-10-10,2025-10-10 13:13:18,002210.SZ,S,3.910,500
1501,61,2025-10-10,2025-10-10 13:13:18,002210.SZ,S,3.910,100
1502,61,2025-10-10,2025-10-10 13:13:12,603613.SH,B,30.670,100
1503,58,2025-10-10,2025-10-10 13:13:11,002426.SZ,B,3.510,200
1504,52,2025-10-10,2025-10-10 13:13:11,002426.SZ,B,3.510,1000
1505,61,2025-10-10,2025-10-10 13:13:07,603595.SH,B,23.410,200
1506,61,2025-10-10,2025-10-10 13:13:03,600577.SH,B,10.960,700
1507,59,2025-10-10,2025-10-10 13:13:01,300164.SZ,S,5.800,1000
1508,58,2025-10-10,2025-10-10 13:13:00,600388.SH,B,15.270,900
1509,59,2025-10-10,2025-10-10 13:13:00,600577.SH,B,10.960,500
1510,61,2025-10-10,2025-10-10 13:12:53,300189.SZ,S,4.450,600
1511,61,2025-10-10,2025-10-10 13:12:53,300189.SZ,S,4.450,700
1512,61,2025-10-10,2025-10-10 13:12:53,300164.SZ,S,5.800,2200
1513,63,2025-10-10,2025-10-10 13:12:53,000564.SZ,S,2.550,100
1514,61,2025-10-10,2025-10-10 13:12:53,300164.SZ,S,5.800,500
1515,59,2025-10-10,2025-10-10 13:12:53,300189.SZ,S,4.450,500
1516,63,2025-10-10,2025-10-10 13:12:52,688538.SH,S,2.880,3318
1517,63,2025-10-10,2025-10-10 13:12:52,688538.SH,S,2.880,3363
1518,58,2025-10-10,2025-10-10 13:12:37,002645.SZ,B,16.060,400
1519,59,2025-10-10,2025-10-10 13:12:36,600400.SH,S,2.850,100
1520,61,2025-10-10,2025-10-10 13:12:36,600400.SH,S,2.850,100
1521,61,2025-10-10,2025-10-10 13:12:31,601020.SH,S,28.060,300
1522,58,2025-10-10,2025-10-10 13:12:04,301257.SZ,B,45.340,100
1523,58,2025-10-10,2025-10-10 13:11:50,002210.SZ,S,3.920,900
1524,63,2025-10-10,2025-10-10 13:11:44,000629.SZ,S,3.120,100
1525,58,2025-10-10,2025-10-10 13:11:37,002400.SZ,S,8.550,800
1526,59,2025-10-10,2025-10-10 13:11:38,300135.SZ,S,4.480,700
1527,61,2025-10-10,2025-10-10 13:11:30,002738.SZ,B,51.260,100
1528,61,2025-10-10,2025-10-10 13:11:26,688472.SH,B,13.240,405
1529,61,2025-10-10,2025-10-10 13:11:22,002547.SZ,S,5.340,200
1530,61,2025-10-10,2025-10-10 13:11:19,603985.SH,S,17.960,200
1531,58,2025-10-10,2025-10-10 13:11:05,002323.SZ,S,1.760,100
1532,61,2025-10-10,2025-10-10 13:11:04,300435.SZ,S,21.710,300
1533,59,2025-10-10,2025-10-10 13:10:56,300135.SZ,S,4.480,500
1534,58,2025-10-10,2025-10-10 13:10:36,600577.SH,B,10.930,500
1535,52,2025-10-10,2025-10-10 13:10:11,002210.SZ,S,3.920,1400
1536,63,2025-10-10,2025-10-10 13:10:08,600819.SH,S,7.520,1000
1537,58,2025-10-10,2025-10-10 13:10:03,002210.SZ,S,3.920,1000
1538,58,2025-10-10,2025-10-10 13:10:03,002210.SZ,S,3.920,2900
1539,52,2025-10-10,2025-10-10 13:10:02,000875.SZ,S,6.290,100
1540,58,2025-10-10,2025-10-10 13:10:01,601020.SH,S,27.960,200
1541,63,2025-10-10,2025-10-10 13:09:55,000977.SZ,B,70.600,200
1542,63,2025-10-10,2025-10-10 13:09:55,000977.SZ,B,70.600,100
1543,58,2025-10-10,2025-10-10 13:09:41,600388.SH,B,15.270,200
1544,63,2025-10-10,2025-10-10 13:09:39,600150.SH,S,35.190,200
1545,61,2025-10-10,2025-10-10 13:09:29,002518.SZ,S,42.120,300
1546,52,2025-10-10,2025-10-10 13:09:18,603456.SH,S,19.910,100
1547,58,2025-10-10,2025-10-10 13:09:03,600388.SH,B,15.270,200
1548,61,2025-10-10,2025-10-10 13:08:59,603359.SH,B,9.030,200
1549,58,2025-10-10,2025-10-10 13:08:59,002651.SZ,S,11.600,300
1550,61,2025-10-10,2025-10-10 13:08:58,603456.SH,S,19.890,200
1551,59,2025-10-10,2025-10-10 13:08:55,300665.SZ,S,9.720,500
1552,61,2025-10-10,2025-10-10 13:08:55,300665.SZ,S,9.720,1300
1553,58,2025-10-10,2025-10-10 13:08:55,300164.SZ,S,5.810,900
1554,58,2025-10-10,2025-10-10 13:08:52,603901.SH,S,11.460,100
1555,61,2025-10-10,2025-10-10 13:08:49,002651.SZ,S,11.600,400
1556,52,2025-10-10,2025-10-10 13:08:20,002547.SZ,S,5.340,100
1557,61,2025-10-10,2025-10-10 13:08:29,600388.SH,B,15.270,400
1558,52,2025-10-10,2025-10-10 13:08:07,002354.SZ,B,6.990,100
1559,61,2025-10-10,2025-10-10 13:08:17,002645.SZ,B,16.100,200
1560,58,2025-10-10,2025-10-10 13:08:14,603332.SH,B,13.260,100
1561,58,2025-10-10,2025-10-10 13:08:14,603332.SH,B,13.260,100
1562,61,2025-10-10,2025-10-10 13:08:13,002645.SZ,B,16.100,200
1563,52,2025-10-10,2025-10-10 13:08:09,002738.SZ,B,51.230,100
1564,52,2025-10-10,2025-10-10 13:05:54,002772.SZ,S,10.310,100
1565,61,2025-10-10,2025-10-10 13:08:11,600577.SH,B,10.910,300
1566,61,2025-10-10,2025-10-10 13:08:08,688372.SH,B,83.680,352
1567,59,2025-10-10,2025-10-10 13:08:04,002065.SZ,S,10.740,100
1568,61,2025-10-10,2025-10-10 13:08:00,300135.SZ,S,4.480,3100
1569,58,2025-10-10,2025-10-10 13:07:57,002354.SZ,B,6.990,200
1570,61,2025-10-10,2025-10-10 13:07:55,688472.SH,B,13.190,200
1571,52,2025-10-10,2025-10-10 13:02:33,002617.SZ,S,9.120,500
1572,52,2025-10-10,2025-10-10 13:05:24,300043.SZ,S,6.600,100
1573,59,2025-10-10,2025-10-10 13:07:47,603806.SH,S,15.870,100
1574,61,2025-10-10,2025-10-10 13:07:44,002354.SZ,B,6.990,300
1575,61,2025-10-10,2025-10-10 13:07:44,002354.SZ,B,6.990,100
1576,59,2025-10-10,2025-10-10 13:07:45,603236.SH,B,104.360,100
1577,52,2025-10-10,2025-10-10 13:07:31,600104.SH,B,17.250,100
1578,61,2025-10-10,2025-10-10 13:07:31,002772.SZ,S,10.300,100
1579,52,2025-10-10,2025-10-10 13:06:55,603595.SH,B,23.360,100
1580,58,2025-10-10,2025-10-10 13:07:25,600239.SH,S,2.620,100
1581,61,2025-10-10,2025-10-10 13:07:13,600338.SH,S,13.730,100
1582,61,2025-10-10,2025-10-10 13:07:13,600338.SH,S,13.730,100
1583,61,2025-10-10,2025-10-10 13:07:07,300158.SZ,S,6.870,100
1584,58,2025-10-10,2025-10-10 13:07:08,600233.SH,S,18.050,100
1585,63,2025-10-10,2025-10-10 13:07:08,600233.SH,S,18.060,700
1586,52,2025-10-10,2025-10-10 13:07:07,600233.SH,S,18.040,100
1587,59,2025-10-10,2025-10-10 13:07:05,601020.SH,S,27.840,100
1588,59,2025-10-10,2025-10-10 13:07:05,601020.SH,S,27.840,100
1589,63,2025-10-10,2025-10-10 13:07:05,600233.SH,S,18.060,400
1590,61,2025-10-10,2025-10-10 13:07:04,600233.SH,S,18.060,100
1591,61,2025-10-10,2025-10-10 13:07:04,601020.SH,S,27.840,400
1592,58,2025-10-10,2025-10-10 13:06:59,600345.SH,B,26.730,200
1593,59,2025-10-10,2025-10-10 13:06:55,603236.SH,B,104.430,400
1594,61,2025-10-10,2025-10-10 13:06:51,002518.SZ,S,42.190,100
1595,52,2025-10-10,2025-10-10 13:06:51,002518.SZ,S,42.190,200
1596,52,2025-10-10,2025-10-10 13:06:46,300245.SZ,B,14.720,100
1597,61,2025-10-10,2025-10-10 13:06:46,603236.SH,B,104.420,500
1598,61,2025-10-10,2025-10-10 13:06:44,600345.SH,B,26.710,100
1599,61,2025-10-10,2025-10-10 13:06:44,600345.SH,B,26.710,100
1600,61,2025-10-10,2025-10-10 13:06:44,600345.SH,B,26.710,200
1601,58,2025-10-10,2025-10-10 13:06:44,002237.SZ,B,15.200,200
1602,52,2025-10-10,2025-10-10 13:06:44,002544.SZ,S,25.520,100
1603,52,2025-10-10,2025-10-10 13:06:44,002237.SZ,B,15.200,100
1604,52,2025-10-10,2025-10-10 13:06:41,600388.SH,B,15.280,100
1605,63,2025-10-10,2025-10-10 13:06:39,688469.SH,S,6.730,1742
1606,58,2025-10-10,2025-10-10 13:06:35,002645.SZ,B,16.100,400
1607,58,2025-10-10,2025-10-10 13:06:28,002256.SZ,S,3.140,300
1608,58,2025-10-10,2025-10-10 13:06:27,603595.SH,B,23.350,200
1609,63,2025-10-10,2025-10-10 13:06:24,603319.SH,S,41.790,200
1610,52,2025-10-10,2025-10-10 13:06:01,000060.SZ,S,5.950,100
1611,61,2025-10-10,2025-10-10 13:06:07,688372.SH,B,83.730,199
1612,61,2025-10-10,2025-10-10 13:06:06,688372.SH,B,83.730,1
1613,63,2025-10-10,2025-10-10 13:06:07,301358.SZ,S,55.770,100
1614,58,2025-10-10,2025-10-10 13:06:06,600169.SH,S,2.690,100
1615,61,2025-10-10,2025-10-10 13:06:06,600239.SH,S,2.620,100
1616,59,2025-10-10,2025-10-10 13:06:05,002265.SZ,S,31.010,200
1617,61,2025-10-10,2025-10-10 13:06:05,002265.SZ,S,31.010,100
1618,61,2025-10-10,2025-10-10 13:06:04,002265.SZ,S,31.010,300
1619,63,2025-10-10,2025-10-10 13:06:01,601818.SH,S,3.380,100
1620,63,2025-10-10,2025-10-10 13:06:01,601012.SH,S,18.680,200
1621,52,2025-10-10,2025-10-10 13:06:00,300135.SZ,S,4.470,800
1622,59,2025-10-10,2025-10-10 13:05:58,300435.SZ,S,21.710,200
1623,58,2025-10-10,2025-10-10 13:05:58,300135.SZ,S,4.470,1300
1624,58,2025-10-10,2025-10-10 13:05:58,300135.SZ,S,4.470,1200
1625,61,2025-10-10,2025-10-10 13:05:55,300435.SZ,S,21.710,300
1626,52,2025-10-10,2025-10-10 13:05:56,300665.SZ,S,9.710,400
1627,58,2025-10-10,2025-10-10 13:05:53,002738.SZ,B,51.220,200
1628,59,2025-10-10,2025-10-10 13:05:46,603882.SH,S,29.620,100
1629,58,2025-10-10,2025-10-10 13:05:45,301257.SZ,B,45.500,100
1630,52,2025-10-10,2025-10-10 13:05:35,603285.SH,B,27.770,100
1631,61,2025-10-10,2025-10-10 13:05:32,002497.SZ,S,15.080,100
1632,63,2025-10-10,2025-10-10 13:05:28,600050.SH,S,5.550,100
1633,61,2025-10-10,2025-10-10 13:05:26,002210.SZ,S,3.920,3800
1634,63,2025-10-10,2025-10-10 13:05:26,002210.SZ,S,3.920,100
1635,61,2025-10-10,2025-10-10 13:05:26,301193.SZ,S,18.990,100
1636,59,2025-10-10,2025-10-10 13:05:26,002210.SZ,S,3.920,2100
