,fund_id,trade_dt,trade_time,s_info_windcode,direction,price,qty
0,58,2025-10-16,2025-10-16 14:56:57,002146.SZ,B,1.600,200
1,58,2025-10-16,2025-10-16 14:56:50,000090.SZ,S,3.740,1000
2,59,2025-10-16,2025-10-16 14:56:35,002506.SZ,B,2.550,3100
3,58,2025-10-16,2025-10-16 14:56:29,688593.SH,B,19.560,291
4,59,2025-10-16,2025-10-16 14:56:28,300528.SZ,B,19.050,400
5,58,2025-10-16,2025-10-16 14:56:25,000757.SZ,S,5.550,600
6,52,2025-10-16,2025-10-16 14:56:21,000571.SZ,S,5.970,1100
7,59,2025-10-16,2025-10-16 14:56:24,688593.SH,B,19.560,141
8,59,2025-10-16,2025-10-16 14:56:23,688593.SH,B,19.560,245
9,52,2025-10-16,2025-10-16 14:56:21,300509.SZ,S,11.040,500
10,59,2025-10-16,2025-10-16 14:56:19,000571.SZ,S,5.970,1000
11,59,2025-10-16,2025-10-16 14:56:19,000571.SZ,S,5.970,1000
12,63,2025-10-16,2025-10-16 14:56:18,000571.SZ,S,5.970,6900
13,61,2025-10-16,2025-10-16 14:56:18,000571.SZ,S,5.970,5100
14,61,2025-10-16,2025-10-16 14:56:15,300158.SZ,S,7.220,1000
15,52,2025-10-16,2025-10-16 14:56:15,601728.SH,B,6.830,400
16,63,2025-10-16,2025-10-16 14:56:14,300498.SZ,S,18.630,40
17,63,2025-10-16,2025-10-16 14:56:14,300498.SZ,S,18.630,260
18,58,2025-10-16,2025-10-16 14:56:10,300818.SZ,S,30.410,100
19,59,2025-10-16,2025-10-16 14:56:09,002552.SZ,B,17.000,100
20,59,2025-10-16,2025-10-16 14:56:09,002552.SZ,B,17.000,100
21,59,2025-10-16,2025-10-16 14:56:09,002552.SZ,B,17.000,100
22,59,2025-10-16,2025-10-16 14:56:09,002552.SZ,B,16.990,100
23,59,2025-10-16,2025-10-16 14:56:09,002552.SZ,B,16.990,100
24,59,2025-10-16,2025-10-16 14:56:09,002552.SZ,B,16.990,100
25,59,2025-10-16,2025-10-16 14:56:09,002552.SZ,B,16.990,100
26,59,2025-10-16,2025-10-16 14:56:09,002552.SZ,B,16.990,100
27,61,2025-10-16,2025-10-16 14:56:10,002596.SZ,S,4.020,600
28,59,2025-10-16,2025-10-16 14:56:10,002596.SZ,S,4.020,200
29,61,2025-10-16,2025-10-16 14:56:08,300509.SZ,S,11.040,1300
30,61,2025-10-16,2025-10-16 14:56:09,688365.SH,B,14.420,239
31,61,2025-10-16,2025-10-16 14:56:08,300509.SZ,S,11.040,800
32,61,2025-10-16,2025-10-16 14:56:08,300925.SZ,B,24.570,200
33,63,2025-10-16,2025-10-16 14:56:08,300509.SZ,S,11.040,1400
34,58,2025-10-16,2025-10-16 14:56:04,002396.SZ,B,28.710,200
35,59,2025-10-16,2025-10-16 14:56:04,300509.SZ,S,11.050,1000
36,59,2025-10-16,2025-10-16 14:56:00,003041.SZ,S,24.440,100
37,58,2025-10-16,2025-10-16 14:56:00,300250.SZ,B,23.910,200
38,63,2025-10-16,2025-10-16 14:56:00,600415.SH,S,19.920,300
39,61,2025-10-16,2025-10-16 14:56:00,603280.SH,S,36.250,100
40,61,2025-10-16,2025-10-16 14:56:00,003041.SZ,S,24.450,200
41,61,2025-10-16,2025-10-16 14:56:00,003041.SZ,S,24.450,100
42,58,2025-10-16,2025-10-16 14:55:59,002506.SZ,B,2.540,1161
43,61,2025-10-16,2025-10-16 14:55:58,300541.SZ,B,16.800,200
44,61,2025-10-16,2025-10-16 14:55:58,300541.SZ,B,16.800,100
45,58,2025-10-16,2025-10-16 14:55:56,002506.SZ,B,2.540,100
46,58,2025-10-16,2025-10-16 14:55:56,002506.SZ,B,2.540,200
47,63,2025-10-16,2025-10-16 14:55:55,300274.SZ,B,162.040,100
48,58,2025-10-16,2025-10-16 14:55:55,002506.SZ,B,2.540,200
49,58,2025-10-16,2025-10-16 14:55:55,002506.SZ,B,2.540,100
50,58,2025-10-16,2025-10-16 14:55:55,002506.SZ,B,2.540,100
51,58,2025-10-16,2025-10-16 14:55:54,003041.SZ,S,24.480,300
52,52,2025-10-16,2025-10-16 14:55:48,003041.SZ,S,24.480,100
53,58,2025-10-16,2025-10-16 14:55:53,002506.SZ,B,2.540,739
54,63,2025-10-16,2025-10-16 14:55:51,600415.SH,S,19.920,200
55,61,2025-10-16,2025-10-16 14:55:37,000890.SZ,S,5.010,1700
56,63,2025-10-16,2025-10-16 14:55:37,000890.SZ,S,5.010,1400
57,61,2025-10-16,2025-10-16 14:55:36,300528.SZ,B,19.090,200
58,58,2025-10-16,2025-10-16 14:55:20,002552.SZ,B,17.010,400
59,58,2025-10-16,2025-10-16 14:55:19,300684.SZ,B,44.390,200
60,58,2025-10-16,2025-10-16 14:55:18,002552.SZ,B,17.010,100
61,58,2025-10-16,2025-10-16 14:55:18,002552.SZ,B,17.010,100
62,58,2025-10-16,2025-10-16 14:55:17,300585.SZ,B,18.270,200
63,58,2025-10-16,2025-10-16 14:55:16,000571.SZ,S,5.960,200
64,58,2025-10-16,2025-10-16 14:55:15,000571.SZ,S,5.960,500
65,58,2025-10-16,2025-10-16 14:55:15,000571.SZ,S,5.960,300
66,58,2025-10-16,2025-10-16 14:55:14,000571.SZ,S,5.960,1300
67,58,2025-10-16,2025-10-16 14:55:13,600157.SH,S,1.660,7900
68,61,2025-10-16,2025-10-16 14:55:13,600157.SH,S,1.660,7100
69,59,2025-10-16,2025-10-16 14:55:13,600157.SH,S,1.660,2700
70,58,2025-10-16,2025-10-16 14:55:12,300723.SZ,B,53.870,100
71,52,2025-10-16,2025-10-16 14:55:12,002307.SZ,B,4.980,500
72,58,2025-10-16,2025-10-16 14:55:12,300528.SZ,B,19.100,100
73,58,2025-10-16,2025-10-16 14:55:11,300528.SZ,B,19.100,300
74,59,2025-10-16,2025-10-16 14:55:09,300541.SZ,B,16.820,400
75,58,2025-10-16,2025-10-16 14:55:09,601727.SH,B,9.650,1400
76,58,2025-10-16,2025-10-16 14:55:08,000890.SZ,S,5.010,5000
77,52,2025-10-16,2025-10-16 14:53:19,000890.SZ,S,5.010,2100
78,63,2025-10-16,2025-10-16 14:54:51,601601.SH,B,37.840,100
79,63,2025-10-16,2025-10-16 14:54:40,601398.SH,S,7.640,1500
80,58,2025-10-16,2025-10-16 14:54:39,600022.SH,B,1.600,200
81,52,2025-10-16,2025-10-16 14:54:25,600022.SH,B,1.600,100
82,52,2025-10-16,2025-10-16 14:51:04,601908.SH,B,4.390,100
83,61,2025-10-16,2025-10-16 14:54:22,000989.SZ,S,10.100,100
84,61,2025-10-16,2025-10-16 14:54:19,300509.SZ,S,11.070,100
85,61,2025-10-16,2025-10-16 14:54:19,300509.SZ,S,11.070,100
86,61,2025-10-16,2025-10-16 14:54:19,300509.SZ,S,11.070,100
87,52,2025-10-16,2025-10-16 14:54:01,601727.SH,B,9.640,800
88,52,2025-10-16,2025-10-16 14:54:01,601727.SH,B,9.640,800
89,58,2025-10-16,2025-10-16 14:54:15,002356.SZ,S,3.470,1500
90,63,2025-10-16,2025-10-16 14:54:14,688008.SH,B,144.640,379
91,52,2025-10-16,2025-10-16 14:50:27,002356.SZ,S,3.470,300
92,61,2025-10-16,2025-10-16 14:54:11,600022.SH,B,1.600,200
93,61,2025-10-16,2025-10-16 14:54:08,000558.SZ,S,5.230,400
94,59,2025-10-16,2025-10-16 14:54:08,000558.SZ,S,5.230,100
95,58,2025-10-16,2025-10-16 14:54:07,600183.SH,B,60.360,100
96,58,2025-10-16,2025-10-16 14:54:06,688593.SH,B,19.570,200
97,52,2025-10-16,2025-10-16 14:49:55,601857.SH,B,8.410,100
98,58,2025-10-16,2025-10-16 14:54:06,000090.SZ,S,3.730,2900
99,61,2025-10-16,2025-10-16 14:54:06,000090.SZ,S,3.730,3200
100,58,2025-10-16,2025-10-16 14:54:03,002055.SZ,B,7.200,100
101,58,2025-10-16,2025-10-16 14:54:03,603920.SH,B,41.050,100
102,58,2025-10-16,2025-10-16 14:54:03,002055.SZ,B,7.200,100
103,58,2025-10-16,2025-10-16 14:54:02,300348.SZ,B,14.410,600
104,61,2025-10-16,2025-10-16 14:54:02,002164.SZ,B,13.820,200
105,58,2025-10-16,2025-10-16 14:54:01,300509.SZ,S,11.070,1200
106,61,2025-10-16,2025-10-16 14:53:45,002356.SZ,S,3.470,1000
107,58,2025-10-16,2025-10-16 14:53:46,600239.SH,B,2.560,200
108,59,2025-10-16,2025-10-16 14:53:45,002356.SZ,S,3.470,500
109,61,2025-10-16,2025-10-16 14:53:45,002356.SZ,S,3.470,300
110,52,2025-10-16,2025-10-16 14:52:08,301381.SZ,B,22.750,100
111,61,2025-10-16,2025-10-16 14:53:38,601727.SH,B,9.640,1000
112,61,2025-10-16,2025-10-16 14:53:32,002552.SZ,B,17.030,300
113,52,2025-10-16,2025-10-16 14:53:22,002552.SZ,B,17.020,100
114,61,2025-10-16,2025-10-16 14:53:16,002055.SZ,B,7.190,100
115,61,2025-10-16,2025-10-16 14:53:12,002055.SZ,B,7.190,100
116,58,2025-10-16,2025-10-16 14:53:07,603077.SH,B,2.190,1200
117,58,2025-10-16,2025-10-16 14:52:55,603118.SH,B,11.650,200
118,58,2025-10-16,2025-10-16 14:52:26,300041.SZ,B,11.720,200
119,61,2025-10-16,2025-10-16 14:52:23,300041.SZ,B,11.730,200
120,52,2025-10-16,2025-10-16 14:52:22,600601.SH,B,9.920,100
121,58,2025-10-16,2025-10-16 14:52:20,300158.SZ,S,7.190,700
122,61,2025-10-16,2025-10-16 14:52:18,301076.SZ,B,52.710,200
123,59,2025-10-16,2025-10-16 14:52:17,001234.SZ,S,27.440,100
124,61,2025-10-16,2025-10-16 14:52:07,603118.SH,B,11.630,200
125,52,2025-10-16,2025-10-16 14:52:06,002506.SZ,B,2.540,1100
126,58,2025-10-16,2025-10-16 14:52:04,300149.SZ,B,11.620,200
127,61,2025-10-16,2025-10-16 14:52:04,002506.SZ,S,2.540,3300
128,58,2025-10-16,2025-10-16 14:52:03,002596.SZ,S,4.010,600
129,52,2025-10-16,2025-10-16 14:51:04,002596.SZ,S,4.010,200
130,61,2025-10-16,2025-10-16 14:52:00,688593.SH,B,19.540,464
131,59,2025-10-16,2025-10-16 14:51:57,688593.SH,B,19.530,200
132,61,2025-10-16,2025-10-16 14:51:55,001234.SZ,S,27.430,300
133,61,2025-10-16,2025-10-16 14:51:55,600239.SH,B,2.560,500
134,52,2025-10-16,2025-10-16 14:46:57,000630.SZ,S,5.410,100
135,52,2025-10-16,2025-10-16 14:51:51,600143.SH,B,19.600,100
136,61,2025-10-16,2025-10-16 14:51:48,300180.SZ,B,7.290,200
137,63,2025-10-16,2025-10-16 14:51:39,300059.SZ,B,25.400,400
138,61,2025-10-16,2025-10-16 14:51:38,300541.SZ,B,16.800,400
139,58,2025-10-16,2025-10-16 14:51:37,002164.SZ,B,13.800,200
140,61,2025-10-16,2025-10-16 14:51:33,300185.SZ,B,3.060,200
141,52,2025-10-16,2025-10-16 14:51:14,300528.SZ,B,19.070,100
142,52,2025-10-16,2025-10-16 14:50:41,603618.SH,B,8.730,100
143,59,2025-10-16,2025-10-16 14:51:07,000630.SZ,S,5.400,100
144,61,2025-10-16,2025-10-16 14:51:07,000630.SZ,S,5.400,500
145,52,2025-10-16,2025-10-16 14:51:02,600438.SH,B,24.790,100
146,61,2025-10-16,2025-10-16 14:51:02,300925.SZ,B,24.540,100
147,61,2025-10-16,2025-10-16 14:51:02,300925.SZ,B,24.540,100
148,61,2025-10-16,2025-10-16 14:51:02,300925.SZ,B,24.540,100
149,61,2025-10-16,2025-10-16 14:51:00,601968.SH,B,5.440,200
150,58,2025-10-16,2025-10-16 14:51:00,000630.SZ,S,5.400,500
151,58,2025-10-16,2025-10-16 14:50:43,002317.SZ,B,17.080,200
152,61,2025-10-16,2025-10-16 14:50:43,601208.SH,B,18.350,200
153,58,2025-10-16,2025-10-16 14:50:41,603280.SH,S,36.310,100
154,58,2025-10-16,2025-10-16 14:50:36,688556.SH,B,11.970,301
155,58,2025-10-16,2025-10-16 14:50:36,688556.SH,B,11.970,178
156,52,2025-10-16,2025-10-16 14:50:37,603766.SH,B,13.910,100
157,61,2025-10-16,2025-10-16 14:50:36,600207.SH,B,5.360,200
158,52,2025-10-16,2025-10-16 14:46:57,601111.SH,B,8.320,100
159,63,2025-10-16,2025-10-16 14:50:36,300509.SZ,S,11.050,300
160,61,2025-10-16,2025-10-16 14:50:33,603766.SH,B,13.910,200
161,58,2025-10-16,2025-10-16 14:50:31,300723.SZ,B,53.720,100
162,63,2025-10-16,2025-10-16 14:50:28,300059.SZ,B,25.390,200
163,61,2025-10-16,2025-10-16 14:50:28,300528.SZ,B,19.060,300
164,52,2025-10-16,2025-10-16 14:50:28,600207.SH,B,5.360,100
165,61,2025-10-16,2025-10-16 14:50:27,300509.SZ,S,11.050,200
166,61,2025-10-16,2025-10-16 14:50:27,300509.SZ,S,11.050,100
167,58,2025-10-16,2025-10-16 14:50:22,601069.SH,B,32.040,200
168,61,2025-10-16,2025-10-16 14:50:23,601616.SH,B,4.330,200
169,61,2025-10-16,2025-10-16 14:50:23,688365.SH,B,14.390,200
170,58,2025-10-16,2025-10-16 14:50:21,688593.SH,B,19.540,200
171,58,2025-10-16,2025-10-16 14:50:17,002396.SZ,B,28.660,100
172,61,2025-10-16,2025-10-16 14:50:14,600509.SH,B,8.810,200
173,58,2025-10-16,2025-10-16 14:50:12,300004.SZ,B,11.430,400
174,58,2025-10-16,2025-10-16 14:50:10,002396.SZ,B,28.660,100
175,58,2025-10-16,2025-10-16 14:50:06,603920.SH,B,41.010,100
176,61,2025-10-16,2025-10-16 14:50:06,300731.SZ,S,42.490,100
177,61,2025-10-16,2025-10-16 14:50:04,300250.SZ,B,23.890,200
178,52,2025-10-16,2025-10-16 14:50:04,300250.SZ,B,23.890,100
179,59,2025-10-16,2025-10-16 14:50:04,300348.SZ,B,14.390,400
180,58,2025-10-16,2025-10-16 14:50:02,002501.SZ,B,2.410,100
181,58,2025-10-16,2025-10-16 14:50:02,002501.SZ,B,2.410,100
182,61,2025-10-16,2025-10-16 14:50:02,300478.SZ,B,24.160,200
183,61,2025-10-16,2025-10-16 14:50:00,002552.SZ,B,16.920,400
184,61,2025-10-16,2025-10-16 14:50:00,688593.SH,B,19.520,200
185,59,2025-10-16,2025-10-16 14:50:00,688593.SH,B,19.520,197
186,61,2025-10-16,2025-10-16 14:49:53,603280.SH,S,36.280,100
187,52,2025-10-16,2025-10-16 14:49:49,601766.SH,B,7.870,100
188,58,2025-10-16,2025-10-16 14:49:47,001234.SZ,S,27.420,300
189,58,2025-10-16,2025-10-16 14:49:47,600169.SH,B,2.650,200
190,61,2025-10-16,2025-10-16 14:49:43,601727.SH,B,9.610,1700
191,61,2025-10-16,2025-10-16 14:49:39,300585.SZ,B,18.210,200
192,63,2025-10-16,2025-10-16 14:49:38,002811.SZ,S,13.660,100
193,61,2025-10-16,2025-10-16 14:49:38,002811.SZ,S,13.660,400
194,63,2025-10-16,2025-10-16 14:49:37,603659.SH,S,26.880,200
195,59,2025-10-16,2025-10-16 14:49:38,002811.SZ,S,13.660,200
196,58,2025-10-16,2025-10-16 14:49:38,002811.SZ,S,13.660,500
197,61,2025-10-16,2025-10-16 14:49:36,300684.SZ,B,44.270,100
198,61,2025-10-16,2025-10-16 14:49:35,300684.SZ,B,44.270,100
199,52,2025-10-16,2025-10-16 14:49:27,002811.SZ,S,13.660,300
200,61,2025-10-16,2025-10-16 14:49:30,002575.SZ,B,7.200,200
201,58,2025-10-16,2025-10-16 14:49:21,300199.SZ,B,21.490,200
202,58,2025-10-16,2025-10-16 14:49:20,600509.SH,B,8.800,200
203,52,2025-10-16,2025-10-16 14:49:19,000612.SZ,B,9.160,100
204,63,2025-10-16,2025-10-16 14:49:18,600031.SH,B,23.500,200
205,63,2025-10-16,2025-10-16 14:49:18,600031.SH,B,23.500,100
206,61,2025-10-16,2025-10-16 14:49:18,300199.SZ,B,21.490,200
207,61,2025-10-16,2025-10-16 14:49:15,300723.SZ,B,53.850,200
208,58,2025-10-16,2025-10-16 14:49:13,003019.SZ,B,33.640,100
209,58,2025-10-16,2025-10-16 14:49:13,003019.SZ,B,33.640,100
210,52,2025-10-16,2025-10-16 14:48:33,000757.SZ,S,5.550,300
211,58,2025-10-16,2025-10-16 14:49:10,002378.SZ,B,12.010,200
212,61,2025-10-16,2025-10-16 14:49:07,002378.SZ,B,12.010,200
213,61,2025-10-16,2025-10-16 14:49:03,688365.SH,B,14.390,22
214,61,2025-10-16,2025-10-16 14:49:02,688365.SH,B,14.390,100
215,61,2025-10-16,2025-10-16 14:49:02,688365.SH,B,14.390,1
216,63,2025-10-16,2025-10-16 14:48:58,688008.SH,B,143.600,200
217,58,2025-10-16,2025-10-16 14:48:58,000757.SZ,S,5.550,700
218,58,2025-10-16,2025-10-16 14:48:56,000757.SZ,S,5.550,200
219,52,2025-10-16,2025-10-16 14:48:33,000558.SZ,S,5.230,100
220,58,2025-10-16,2025-10-16 14:48:53,300541.SZ,B,16.780,400
221,58,2025-10-16,2025-10-16 14:48:53,603499.SH,B,16.780,200
222,61,2025-10-16,2025-10-16 14:48:52,300348.SZ,B,14.380,700
223,63,2025-10-16,2025-10-16 14:48:52,601601.SH,B,37.850,200
224,52,2025-10-16,2025-10-16 14:47:01,600733.SH,S,8.010,100
225,61,2025-10-16,2025-10-16 14:48:50,688365.SH,B,14.390,277
226,58,2025-10-16,2025-10-16 14:48:47,600962.SH,B,21.350,200
227,52,2025-10-16,2025-10-16 14:48:39,601865.SH,B,17.490,100
228,58,2025-10-16,2025-10-16 14:48:46,000558.SZ,S,5.230,400
229,61,2025-10-16,2025-10-16 14:48:45,600215.SH,S,7.980,100
230,61,2025-10-16,2025-10-16 14:48:45,003019.SZ,B,33.610,200
231,52,2025-10-16,2025-10-16 14:48:34,300541.SZ,B,16.780,400
232,63,2025-10-16,2025-10-16 14:48:43,300274.SZ,B,161.280,100
233,63,2025-10-16,2025-10-16 14:48:43,300274.SZ,B,161.280,100
234,52,2025-10-16,2025-10-16 14:48:29,601968.SH,S,5.450,100
235,58,2025-10-16,2025-10-16 14:48:38,600183.SH,B,60.290,100
236,52,2025-10-16,2025-10-16 14:48:09,601231.SH,B,20.020,100
237,61,2025-10-16,2025-10-16 14:48:31,000757.SZ,S,5.550,1300
238,59,2025-10-16,2025-10-16 14:48:31,000757.SZ,S,5.550,500
239,63,2025-10-16,2025-10-16 14:48:27,600162.SH,S,2.220,5500
240,61,2025-10-16,2025-10-16 14:48:08,600183.SH,B,60.280,200
241,61,2025-10-16,2025-10-16 14:48:08,688593.SH,B,19.530,200
242,61,2025-10-16,2025-10-16 14:48:06,000680.SZ,B,11.810,200
243,52,2025-10-16,2025-10-16 14:48:05,601089.SH,B,22.600,100
244,63,2025-10-16,2025-10-16 14:48:04,688008.SH,B,143.590,200
245,59,2025-10-16,2025-10-16 14:48:04,688593.SH,B,19.520,300
246,58,2025-10-16,2025-10-16 14:48:02,300818.SZ,S,30.410,100
247,61,2025-10-16,2025-10-16 14:48:02,300818.SZ,S,30.410,100
248,63,2025-10-16,2025-10-16 14:47:59,000058.SZ,S,10.470,500
249,59,2025-10-16,2025-10-16 14:47:59,688593.SH,B,19.520,103
250,58,2025-10-16,2025-10-16 14:47:56,605189.SH,B,17.020,200
251,58,2025-10-16,2025-10-16 14:47:56,300478.SZ,B,24.150,200
252,61,2025-10-16,2025-10-16 14:47:50,688593.SH,B,19.520,400
253,63,2025-10-16,2025-10-16 14:47:50,000890.SZ,S,5.000,2200
254,61,2025-10-16,2025-10-16 14:47:50,000890.SZ,S,5.000,2700
255,59,2025-10-16,2025-10-16 14:47:48,000890.SZ,S,5.000,1600
256,52,2025-10-16,2025-10-16 14:47:45,002501.SZ,B,2.410,100
257,63,2025-10-16,2025-10-16 14:47:41,601968.SH,S,5.450,1700
258,58,2025-10-16,2025-10-16 14:47:41,002773.SZ,B,34.810,200
259,63,2025-10-16,2025-10-16 14:47:40,601968.SH,S,5.450,100
260,63,2025-10-16,2025-10-16 14:47:40,601968.SH,S,5.450,200
261,58,2025-10-16,2025-10-16 14:47:41,300509.SZ,S,11.040,100
262,61,2025-10-16,2025-10-16 14:47:37,002662.SZ,B,3.790,200
263,58,2025-10-16,2025-10-16 14:47:34,300509.SZ,S,11.040,100
264,58,2025-10-16,2025-10-16 14:47:32,300509.SZ,S,11.040,200
265,58,2025-10-16,2025-10-16 14:47:32,300509.SZ,S,11.040,1200
266,61,2025-10-16,2025-10-16 14:47:20,601992.SH,B,1.770,100
267,61,2025-10-16,2025-10-16 14:47:20,601992.SH,B,1.770,100
268,52,2025-10-16,2025-10-16 14:47:07,601009.SH,B,11.680,100
269,58,2025-10-16,2025-10-16 14:47:20,601992.SH,B,1.770,200
270,58,2025-10-16,2025-10-16 14:47:16,300509.SZ,S,11.040,300
271,61,2025-10-16,2025-10-16 14:47:16,601618.SH,B,3.810,100
272,61,2025-10-16,2025-10-16 14:47:16,601618.SH,B,3.810,100
273,61,2025-10-16,2025-10-16 14:47:08,000536.SZ,S,4.800,300
274,59,2025-10-16,2025-10-16 14:47:07,000536.SZ,S,4.800,100
275,58,2025-10-16,2025-10-16 14:47:07,000571.SZ,S,5.940,3600
276,52,2025-10-16,2025-10-16 14:47:00,000571.SZ,S,5.940,1800
277,52,2025-10-16,2025-10-16 14:46:57,601600.SH,B,8.690,100
278,52,2025-10-16,2025-10-16 14:46:58,300509.SZ,S,11.040,800
279,61,2025-10-16,2025-10-16 14:47:03,000681.SZ,S,24.640,300
280,58,2025-10-16,2025-10-16 14:47:03,002575.SZ,B,7.200,200
281,58,2025-10-16,2025-10-16 14:47:02,000681.SZ,S,24.640,400
282,58,2025-10-16,2025-10-16 14:47:00,600810.SH,S,10.780,100
283,61,2025-10-16,2025-10-16 14:46:59,300882.SZ,S,19.960,100
284,52,2025-10-16,2025-10-16 14:46:57,601668.SH,B,5.650,100
285,58,2025-10-16,2025-10-16 14:46:57,000536.SZ,S,4.800,300
286,61,2025-10-16,2025-10-16 14:46:56,600810.SH,S,10.780,200
287,58,2025-10-16,2025-10-16 14:46:56,300882.SZ,S,19.960,100
288,58,2025-10-16,2025-10-16 14:46:56,600353.SH,S,17.900,200
289,61,2025-10-16,2025-10-16 14:46:55,600353.SH,S,17.900,100
290,63,2025-10-16,2025-10-16 14:46:55,600111.SH,S,53.250,700
291,59,2025-10-16,2025-10-16 14:46:54,600572.SH,S,4.480,100
292,59,2025-10-16,2025-10-16 14:43:07,002307.SZ,B,4.970,1500
293,59,2025-10-16,2025-10-16 14:43:07,002307.SZ,B,4.970,1900
294,61,2025-10-16,2025-10-16 14:43:06,000571.SZ,S,5.940,2000
295,61,2025-10-16,2025-10-16 14:41:57,002506.SZ,B,2.530,1859
296,61,2025-10-16,2025-10-16 14:41:57,002506.SZ,B,2.530,3741
297,59,2025-10-16,2025-10-16 14:41:45,002501.SZ,S,2.390,800
298,58,2025-10-16,2025-10-16 14:41:43,002307.SZ,B,4.960,1000
299,58,2025-10-16,2025-10-16 14:41:43,002307.SZ,B,4.960,3800
300,58,2025-10-16,2025-10-16 14:41:26,002356.SZ,S,3.450,1000
301,52,2025-10-16,2025-10-16 14:41:25,002356.SZ,S,3.450,300
302,58,2025-10-16,2025-10-16 14:41:25,002307.SZ,B,4.960,1100
303,59,2025-10-16,2025-10-16 14:41:22,001330.SZ,S,5.510,1000
304,61,2025-10-16,2025-10-16 14:41:13,002501.SZ,S,2.390,400
305,61,2025-10-16,2025-10-16 14:41:08,002307.SZ,B,4.950,3900
306,58,2025-10-16,2025-10-16 14:40:27,000571.SZ,S,5.930,900
307,61,2025-10-16,2025-10-16 14:38:29,002307.SZ,B,4.970,1200
308,61,2025-10-16,2025-10-16 14:38:28,002307.SZ,B,4.970,4400
309,61,2025-10-16,2025-10-16 14:38:12,002307.SZ,B,4.970,400
310,61,2025-10-16,2025-10-16 14:38:12,002307.SZ,B,4.970,200
311,61,2025-10-16,2025-10-16 14:38:12,002307.SZ,B,4.970,1200
312,61,2025-10-16,2025-10-16 14:38:12,002307.SZ,B,4.970,500
313,61,2025-10-16,2025-10-16 14:38:12,002307.SZ,B,4.970,600
314,61,2025-10-16,2025-10-16 14:38:12,002307.SZ,B,4.970,1000
315,61,2025-10-16,2025-10-16 14:38:12,002307.SZ,B,4.970,1500
316,61,2025-10-16,2025-10-16 14:38:12,002307.SZ,B,4.970,300
317,61,2025-10-16,2025-10-16 14:38:12,002307.SZ,B,4.970,400
318,61,2025-10-16,2025-10-16 14:38:12,002307.SZ,B,4.970,200
319,61,2025-10-16,2025-10-16 14:38:12,002307.SZ,B,4.970,200
320,61,2025-10-16,2025-10-16 14:38:12,002307.SZ,B,4.970,800
321,61,2025-10-16,2025-10-16 14:37:50,600601.SH,S,9.900,400
322,63,2025-10-16,2025-10-16 14:37:49,601857.SH,S,8.410,700
323,63,2025-10-16,2025-10-16 14:37:49,600839.SH,S,10.240,200
324,63,2025-10-16,2025-10-16 14:37:49,600839.SH,S,10.240,100
325,61,2025-10-16,2025-10-16 14:37:10,603617.SH,S,7.620,100
326,52,2025-10-16,2025-10-16 14:37:06,603617.SH,S,7.620,100
327,61,2025-10-16,2025-10-16 14:36:58,002356.SZ,S,3.460,900
328,59,2025-10-16,2025-10-16 14:36:57,002356.SZ,S,3.460,300
329,61,2025-10-16,2025-10-16 14:36:26,300695.SZ,S,112.950,100
330,61,2025-10-16,2025-10-16 14:36:08,000558.SZ,S,5.230,200
331,52,2025-10-16,2025-10-16 14:36:00,000659.SZ,S,2.790,400
332,58,2025-10-16,2025-10-16 14:35:47,000571.SZ,S,5.980,1400
333,59,2025-10-16,2025-10-16 14:35:39,000659.SZ,S,2.790,600
334,58,2025-10-16,2025-10-16 14:35:39,000659.SZ,S,2.790,1800
335,61,2025-10-16,2025-10-16 14:35:39,000659.SZ,S,2.790,1500
336,61,2025-10-16,2025-10-16 14:35:39,000659.SZ,S,2.790,100
337,59,2025-10-16,2025-10-16 14:35:12,000558.SZ,S,5.230,100
338,61,2025-10-16,2025-10-16 14:34:58,000571.SZ,S,5.970,200
339,61,2025-10-16,2025-10-16 14:34:58,000571.SZ,S,5.970,200
340,61,2025-10-16,2025-10-16 14:34:58,000571.SZ,S,5.970,300
341,63,2025-10-16,2025-10-16 14:34:58,300498.SZ,S,18.670,200
342,61,2025-10-16,2025-10-16 14:34:58,000571.SZ,S,5.970,1100
343,59,2025-10-16,2025-10-16 14:34:58,000571.SZ,S,5.970,1400
344,61,2025-10-16,2025-10-16 14:33:56,002396.SZ,S,28.800,100
345,61,2025-10-16,2025-10-16 14:33:17,300593.SZ,S,20.350,100
346,61,2025-10-16,2025-10-16 14:32:40,601069.SH,S,32.150,100
347,58,2025-10-16,2025-10-16 14:32:39,603127.SH,S,33.090,100
348,58,2025-10-16,2025-10-16 14:32:33,000558.SZ,S,5.230,300
349,61,2025-10-16,2025-10-16 14:32:33,603077.SH,B,2.190,5600
350,61,2025-10-16,2025-10-16 14:32:26,600353.SH,S,17.900,100
351,63,2025-10-16,2025-10-16 14:32:25,300339.SZ,S,61.310,100
352,63,2025-10-16,2025-10-16 14:32:04,600839.SH,S,10.250,500
353,63,2025-10-16,2025-10-16 14:31:53,002130.SZ,S,28.810,100
354,61,2025-10-16,2025-10-16 14:31:36,600601.SH,S,9.920,600
355,59,2025-10-16,2025-10-16 14:31:36,600601.SH,S,9.920,300
356,52,2025-10-16,2025-10-16 14:31:33,000571.SZ,S,5.970,100
357,58,2025-10-16,2025-10-16 14:31:35,000571.SZ,S,5.980,1900
358,52,2025-10-16,2025-10-16 14:31:33,000571.SZ,S,5.970,900
359,59,2025-10-16,2025-10-16 14:31:29,600601.SH,S,9.920,100
360,61,2025-10-16,2025-10-16 14:31:18,600684.SH,S,5.910,100
361,61,2025-10-16,2025-10-16 14:28:30,002501.SZ,B,2.410,700
362,61,2025-10-16,2025-10-16 14:28:30,002501.SZ,B,2.410,400
363,59,2025-10-16,2025-10-16 14:28:30,601107.SH,S,5.760,100
364,59,2025-10-16,2025-10-16 14:28:30,002501.SZ,B,2.410,1100
365,61,2025-10-16,2025-10-16 14:28:15,002335.SZ,B,65.300,100
366,58,2025-10-16,2025-10-16 14:28:13,002501.SZ,B,2.410,600
367,58,2025-10-16,2025-10-16 14:28:12,600601.SH,B,9.900,400
368,58,2025-10-16,2025-10-16 14:28:08,002356.SZ,S,3.470,800
369,58,2025-10-16,2025-10-16 14:28:08,002059.SZ,S,5.520,400
370,52,2025-10-16,2025-10-16 14:28:07,002059.SZ,S,5.520,100
371,52,2025-10-16,2025-10-16 14:28:07,002356.SZ,S,3.470,200
372,59,2025-10-16,2025-10-16 14:27:58,600094.SH,S,5.280,1500
373,61,2025-10-16,2025-10-16 14:27:47,002059.SZ,S,5.520,400
374,59,2025-10-16,2025-10-16 14:27:47,002059.SZ,S,5.520,100
375,61,2025-10-16,2025-10-16 14:27:45,600094.SH,S,5.270,600
376,58,2025-10-16,2025-10-16 14:27:18,002048.SZ,B,32.790,100
377,58,2025-10-16,2025-10-16 14:27:18,002048.SZ,B,32.790,200
378,58,2025-10-16,2025-10-16 14:27:09,600601.SH,B,9.900,500
379,58,2025-10-16,2025-10-16 14:27:05,000090.SZ,S,3.730,3600
380,58,2025-10-16,2025-10-16 14:27:02,000090.SZ,S,3.730,100
381,61,2025-10-16,2025-10-16 14:27:01,300490.SZ,B,13.620,400
382,61,2025-10-16,2025-10-16 14:27:01,300490.SZ,B,13.620,100
383,58,2025-10-16,2025-10-16 14:26:38,603169.SH,B,8.450,600
384,61,2025-10-16,2025-10-16 14:26:25,000090.SZ,S,3.730,3300
385,63,2025-10-16,2025-10-16 14:26:03,601857.SH,B,8.430,600
386,63,2025-10-16,2025-10-16 14:26:03,601857.SH,B,8.430,100
387,63,2025-10-16,2025-10-16 14:26:03,601857.SH,B,8.430,400
388,61,2025-10-16,2025-10-16 14:25:52,600157.SH,S,1.660,100
389,58,2025-10-16,2025-10-16 14:25:49,600157.SH,S,1.660,200
390,59,2025-10-16,2025-10-16 14:25:47,600157.SH,S,1.660,100
391,61,2025-10-16,2025-10-16 14:25:38,601069.SH,B,32.320,100
392,61,2025-10-16,2025-10-16 14:25:25,603186.SH,B,45.130,200
393,58,2025-10-16,2025-10-16 14:25:19,600094.SH,S,5.290,1000
394,63,2025-10-16,2025-10-16 14:25:09,601727.SH,B,9.610,1600
395,59,2025-10-16,2025-10-16 14:24:35,600601.SH,B,9.900,700
396,59,2025-10-16,2025-10-16 14:24:35,600601.SH,B,9.900,200
397,61,2025-10-16,2025-10-16 14:23:59,002048.SZ,B,32.850,100
398,63,2025-10-16,2025-10-16 14:23:36,601727.SH,B,9.620,2300
399,58,2025-10-16,2025-10-16 14:23:26,600438.SH,B,24.660,300
400,58,2025-10-16,2025-10-16 14:23:23,600684.SH,S,5.830,1000
401,61,2025-10-16,2025-10-16 14:23:08,002356.SZ,S,3.470,800
402,59,2025-10-16,2025-10-16 14:23:08,002356.SZ,S,3.470,300
403,58,2025-10-16,2025-10-16 14:23:06,603186.SH,B,45.120,100
404,61,2025-10-16,2025-10-16 14:23:01,000421.SZ,S,6.660,200
405,58,2025-10-16,2025-10-16 14:22:59,000421.SZ,S,6.660,100
406,61,2025-10-16,2025-10-16 14:22:59,600530.SH,S,8.480,200
407,61,2025-10-16,2025-10-16 14:22:59,600530.SH,S,8.480,200
408,61,2025-10-16,2025-10-16 14:22:59,600530.SH,S,8.480,200
409,52,2025-10-16,2025-10-16 14:22:59,000421.SZ,S,6.660,100
410,58,2025-10-16,2025-10-16 14:22:44,600665.SH,S,3.420,100
411,61,2025-10-16,2025-10-16 14:22:40,600094.SH,S,5.290,600
412,61,2025-10-16,2025-10-16 14:22:27,600094.SH,S,5.290,800
413,58,2025-10-16,2025-10-16 14:22:19,002335.SZ,B,65.240,100
414,61,2025-10-16,2025-10-16 14:22:13,002335.SZ,B,65.280,100
415,61,2025-10-16,2025-10-16 14:22:13,002335.SZ,B,65.280,100
416,61,2025-10-16,2025-10-16 14:22:13,002335.SZ,B,65.280,100
417,61,2025-10-16,2025-10-16 14:22:05,600601.SH,B,9.910,900
418,58,2025-10-16,2025-10-16 14:21:55,600207.SH,B,5.360,300
419,58,2025-10-16,2025-10-16 14:21:55,600684.SH,S,5.820,1500
420,61,2025-10-16,2025-10-16 14:21:55,601908.SH,B,4.390,400
421,59,2025-10-16,2025-10-16 14:21:49,600530.SH,S,8.500,200
422,61,2025-10-16,2025-10-16 14:21:46,300490.SZ,B,13.630,900
423,61,2025-10-16,2025-10-16 14:21:46,300490.SZ,B,13.630,100
424,58,2025-10-16,2025-10-16 14:21:37,000070.SZ,B,9.320,200
425,58,2025-10-16,2025-10-16 14:21:37,000070.SZ,B,9.320,100
426,58,2025-10-16,2025-10-16 14:21:05,000933.SZ,B,22.420,300
427,58,2025-10-16,2025-10-16 14:21:04,002552.SZ,B,16.980,300
428,63,2025-10-16,2025-10-16 14:20:58,601168.SH,S,22.910,400
429,59,2025-10-16,2025-10-16 14:20:52,300490.SZ,B,13.620,400
430,61,2025-10-16,2025-10-16 14:20:52,300490.SZ,B,13.620,200
431,52,2025-10-16,2025-10-16 14:20:40,002562.SZ,S,7.770,100
432,58,2025-10-16,2025-10-16 14:20:39,300683.SZ,S,34.400,100
433,58,2025-10-16,2025-10-16 14:20:38,601777.SH,B,11.920,300
434,52,2025-10-16,2025-10-16 14:20:22,600530.SH,S,8.480,100
435,58,2025-10-16,2025-10-16 14:20:32,600094.SH,S,5.300,1500
436,58,2025-10-16,2025-10-16 14:20:22,600530.SH,S,8.480,700
437,61,2025-10-16,2025-10-16 14:20:16,002396.SZ,B,28.700,100
438,61,2025-10-16,2025-10-16 14:20:16,002396.SZ,B,28.700,100
439,61,2025-10-16,2025-10-16 14:20:16,002396.SZ,B,28.700,100
440,61,2025-10-16,2025-10-16 14:20:16,002396.SZ,B,28.700,100
441,59,2025-10-16,2025-10-16 14:19:55,000933.SZ,B,22.430,400
442,52,2025-10-16,2025-10-16 14:19:54,000700.SZ,S,9.620,100
443,63,2025-10-16,2025-10-16 14:19:54,601727.SH,B,9.630,1800
444,63,2025-10-16,2025-10-16 14:19:54,601727.SH,B,9.630,1200
445,59,2025-10-16,2025-10-16 14:19:51,000933.SZ,B,22.430,100
446,58,2025-10-16,2025-10-16 14:19:42,603289.SH,S,10.610,100
447,61,2025-10-16,2025-10-16 14:19:30,600094.SH,S,5.310,1900
448,61,2025-10-16,2025-10-16 14:19:28,300683.SZ,S,34.480,100
449,61,2025-10-16,2025-10-16 14:19:27,603319.SH,S,37.210,100
450,58,2025-10-16,2025-10-16 14:19:25,301118.SZ,S,26.030,100
451,58,2025-10-16,2025-10-16 14:19:25,301356.SZ,S,23.140,100
452,61,2025-10-16,2025-10-16 14:19:23,603344.SH,S,28.140,100
453,61,2025-10-16,2025-10-16 14:19:03,601069.SH,B,32.150,100
454,61,2025-10-16,2025-10-16 14:19:03,601069.SH,B,32.190,100
455,59,2025-10-16,2025-10-16 14:18:58,300250.SZ,S,23.920,100
456,59,2025-10-16,2025-10-16 14:18:58,300250.SZ,S,23.920,100
457,59,2025-10-16,2025-10-16 14:18:58,300250.SZ,S,23.920,100
458,61,2025-10-16,2025-10-16 14:18:53,000070.SZ,B,9.330,400
459,63,2025-10-16,2025-10-16 14:18:33,300450.SZ,S,54.970,100
460,61,2025-10-16,2025-10-16 14:18:20,300593.SZ,B,20.370,400
461,61,2025-10-16,2025-10-16 14:18:13,601069.SH,B,32.090,100
462,61,2025-10-16,2025-10-16 14:18:11,600684.SH,S,5.800,2300
463,59,2025-10-16,2025-10-16 14:18:11,600684.SH,S,5.800,900
464,61,2025-10-16,2025-10-16 14:18:05,600601.SH,B,9.900,800
465,58,2025-10-16,2025-10-16 14:18:05,300593.SZ,B,20.370,300
466,59,2025-10-16,2025-10-16 14:18:05,600601.SH,B,9.900,800
467,59,2025-10-16,2025-10-16 14:17:52,301356.SZ,S,23.100,100
468,61,2025-10-16,2025-10-16 14:17:50,601121.SH,S,6.990,300
469,61,2025-10-16,2025-10-16 14:17:48,603186.SH,B,45.300,200
470,59,2025-10-16,2025-10-16 14:17:48,601121.SH,S,6.990,100
471,58,2025-10-16,2025-10-16 14:17:48,002335.SZ,B,65.270,200
472,61,2025-10-16,2025-10-16 14:17:47,603289.SH,S,10.610,100
473,58,2025-10-16,2025-10-16 14:17:42,603344.SH,S,28.120,200
474,63,2025-10-16,2025-10-16 14:17:29,300502.SZ,S,325.000,100
475,61,2025-10-16,2025-10-16 14:17:27,688660.SH,S,21.030,279
476,59,2025-10-16,2025-10-16 14:17:27,688660.SH,S,21.030,200
477,58,2025-10-16,2025-10-16 14:17:27,603186.SH,B,45.280,200
478,61,2025-10-16,2025-10-16 14:17:17,002048.SZ,B,32.770,300
479,63,2025-10-16,2025-10-16 14:17:14,000878.SZ,S,18.330,200
480,61,2025-10-16,2025-10-16 14:17:14,600665.SH,S,3.420,100
481,63,2025-10-16,2025-10-16 14:17:05,601168.SH,S,22.860,400
482,58,2025-10-16,2025-10-16 14:17:02,300490.SZ,B,13.610,900
483,52,2025-10-16,2025-10-16 14:16:43,300490.SZ,B,13.620,1200
484,59,2025-10-16,2025-10-16 14:16:41,603127.SH,S,33.220,100
485,52,2025-10-16,2025-10-16 14:16:35,601121.SH,S,6.990,100
486,58,2025-10-16,2025-10-16 14:16:24,603127.SH,S,33.210,100
487,58,2025-10-16,2025-10-16 14:16:23,601121.SH,S,6.990,400
488,63,2025-10-16,2025-10-16 14:16:22,002384.SZ,S,63.060,100
489,61,2025-10-16,2025-10-16 14:16:22,002562.SZ,S,7.770,100
490,61,2025-10-16,2025-10-16 14:16:22,002654.SZ,S,14.600,200
491,61,2025-10-16,2025-10-16 14:16:22,601231.SH,B,20.230,400
492,59,2025-10-16,2025-10-16 14:16:22,002654.SZ,S,14.600,100
493,58,2025-10-16,2025-10-16 14:16:22,601231.SH,B,20.230,300
494,58,2025-10-16,2025-10-16 14:16:22,600094.SH,S,5.300,300
495,58,2025-10-16,2025-10-16 14:16:22,002654.SZ,S,14.600,200
496,58,2025-10-16,2025-10-16 14:16:22,600094.SH,S,5.300,200
497,58,2025-10-16,2025-10-16 14:16:22,600094.SH,S,5.300,300
498,52,2025-10-16,2025-10-16 14:16:22,002654.SZ,S,14.600,100
499,58,2025-10-16,2025-10-16 14:16:22,600094.SH,S,5.300,1200
500,52,2025-10-16,2025-10-16 14:16:19,600094.SH,S,5.300,1400
501,58,2025-10-16,2025-10-16 14:16:20,603617.SH,S,7.680,100
502,61,2025-10-16,2025-10-16 14:16:19,603127.SH,S,33.220,100
503,63,2025-10-16,2025-10-16 14:16:18,002475.SZ,S,59.320,100
504,52,2025-10-16,2025-10-16 14:16:18,002636.SZ,S,13.790,100
505,59,2025-10-16,2025-10-16 14:16:17,603617.SH,S,7.680,100
506,58,2025-10-16,2025-10-16 14:13:18,601908.SH,B,4.390,300
507,58,2025-10-16,2025-10-16 14:13:18,601908.SH,B,4.390,500
508,58,2025-10-16,2025-10-16 14:13:18,601908.SH,B,4.390,100
509,61,2025-10-16,2025-10-16 14:13:17,000090.SZ,S,3.730,1300
510,61,2025-10-16,2025-10-16 14:13:13,000090.SZ,S,3.730,2100
511,63,2025-10-16,2025-10-16 14:13:08,000973.SZ,S,7.850,600
512,61,2025-10-16,2025-10-16 14:12:55,002059.SZ,S,5.530,1200
513,59,2025-10-16,2025-10-16 14:12:55,002059.SZ,S,5.530,500
514,58,2025-10-16,2025-10-16 14:11:25,300582.SZ,S,16.450,300
515,58,2025-10-16,2025-10-16 14:10:57,000680.SZ,B,11.850,600
516,61,2025-10-16,2025-10-16 14:10:53,002356.SZ,S,3.480,200
517,59,2025-10-16,2025-10-16 14:10:52,002356.SZ,S,3.480,100
518,63,2025-10-16,2025-10-16 14:10:12,002475.SZ,B,59.400,100
519,52,2025-10-16,2025-10-16 14:09:52,000612.SZ,B,9.210,300
520,58,2025-10-16,2025-10-16 14:09:46,000680.SZ,B,11.840,100
521,58,2025-10-16,2025-10-16 14:09:45,000680.SZ,B,11.840,400
522,58,2025-10-16,2025-10-16 14:09:43,601908.SH,B,4.370,1000
523,58,2025-10-16,2025-10-16 14:09:43,000680.SZ,B,11.840,100
524,58,2025-10-16,2025-10-16 14:09:41,000680.SZ,B,11.840,400
525,58,2025-10-16,2025-10-16 14:09:41,000680.SZ,B,11.840,100
526,58,2025-10-16,2025-10-16 14:09:41,000680.SZ,B,11.840,100
527,58,2025-10-16,2025-10-16 14:09:41,000680.SZ,B,11.840,100
528,58,2025-10-16,2025-10-16 14:09:41,000680.SZ,B,11.840,900
529,58,2025-10-16,2025-10-16 14:09:40,000680.SZ,B,11.840,1600
530,63,2025-10-16,2025-10-16 14:08:57,002636.SZ,S,13.710,700
531,58,2025-10-16,2025-10-16 14:08:42,600397.SH,S,7.690,1000
532,58,2025-10-16,2025-10-16 14:08:42,600397.SH,S,7.690,1000
533,52,2025-10-16,2025-10-16 14:08:40,600397.SH,S,7.690,700
534,63,2025-10-16,2025-10-16 14:08:11,600094.SH,S,5.220,3300
535,63,2025-10-16,2025-10-16 14:08:11,600094.SH,S,5.220,100
536,61,2025-10-16,2025-10-16 14:07:50,688786.SH,S,31.050,142
537,61,2025-10-16,2025-10-16 14:07:50,688786.SH,S,31.050,58
538,63,2025-10-16,2025-10-16 14:06:49,600397.SH,S,7.710,500
539,61,2025-10-16,2025-10-16 14:06:49,600397.SH,S,7.710,800
540,52,2025-10-16,2025-10-16 14:06:48,002636.SZ,S,13.740,200
541,52,2025-10-16,2025-10-16 14:06:25,000933.SZ,B,22.400,200
542,52,2025-10-16,2025-10-16 14:06:25,000933.SZ,B,22.400,100
543,63,2025-10-16,2025-10-16 14:06:39,603993.SH,S,15.720,200
544,52,2025-10-16,2025-10-16 14:05:54,002196.SZ,S,9.560,200
545,61,2025-10-16,2025-10-16 14:05:44,600397.SH,S,7.710,1200
546,63,2025-10-16,2025-10-16 14:05:41,600397.SH,S,7.710,800
547,63,2025-10-16,2025-10-16 14:05:30,002475.SZ,B,59.300,100
548,63,2025-10-16,2025-10-16 14:05:30,002475.SZ,B,59.300,300
549,63,2025-10-16,2025-10-16 14:05:30,002475.SZ,B,59.300,300
550,61,2025-10-16,2025-10-16 14:05:16,000681.SZ,S,24.740,300
551,52,2025-10-16,2025-10-16 14:05:07,000166.SZ,B,5.430,300
552,61,2025-10-16,2025-10-16 14:04:58,601121.SH,S,6.990,100
553,63,2025-10-16,2025-10-16 14:04:31,601899.SH,S,30.240,100
554,63,2025-10-16,2025-10-16 14:04:22,002475.SZ,B,59.350,100
555,52,2025-10-16,2025-10-16 14:04:21,601777.SH,B,11.920,300
556,63,2025-10-16,2025-10-16 14:04:17,002475.SZ,B,59.340,300
557,59,2025-10-16,2025-10-16 14:04:15,300250.SZ,B,23.950,400
558,59,2025-10-16,2025-10-16 14:04:15,300250.SZ,B,23.950,300
559,58,2025-10-16,2025-10-16 14:04:08,002911.SZ,S,12.890,100
560,58,2025-10-16,2025-10-16 14:03:36,002356.SZ,S,3.470,300
561,61,2025-10-16,2025-10-16 14:03:26,601618.SH,S,3.810,100
562,61,2025-10-16,2025-10-16 14:03:22,000090.SZ,S,3.730,2700
563,59,2025-10-16,2025-10-16 14:03:22,000090.SZ,S,3.730,1900
564,58,2025-10-16,2025-10-16 14:03:14,300126.SZ,S,10.100,100
565,61,2025-10-16,2025-10-16 14:03:11,301356.SZ,S,23.120,100
566,58,2025-10-16,2025-10-16 14:02:56,601908.SH,B,4.370,2200
567,59,2025-10-16,2025-10-16 14:02:40,601121.SH,S,6.990,100
568,63,2025-10-16,2025-10-16 14:02:34,002475.SZ,B,59.410,300
569,61,2025-10-16,2025-10-16 14:02:32,300582.SZ,S,16.440,200
570,61,2025-10-16,2025-10-16 14:02:32,300582.SZ,S,16.440,100
571,58,2025-10-16,2025-10-16 14:02:19,000612.SZ,S,9.170,200
572,58,2025-10-16,2025-10-16 14:02:17,002059.SZ,S,5.530,1400
573,52,2025-10-16,2025-10-16 14:01:33,002059.SZ,S,5.530,200
574,58,2025-10-16,2025-10-16 14:02:16,000090.SZ,S,3.730,3100
575,58,2025-10-16,2025-10-16 14:02:16,000090.SZ,S,3.730,800
576,58,2025-10-16,2025-10-16 14:02:16,000090.SZ,S,3.730,300
577,58,2025-10-16,2025-10-16 14:02:16,000090.SZ,S,3.730,1500
578,58,2025-10-16,2025-10-16 14:02:16,000090.SZ,S,3.730,1000
579,52,2025-10-16,2025-10-16 14:01:33,002059.SZ,S,5.530,200
580,63,2025-10-16,2025-10-16 14:02:07,002988.SZ,S,41.650,100
581,58,2025-10-16,2025-10-16 14:02:05,000681.SZ,S,24.750,200
582,58,2025-10-16,2025-10-16 14:02:05,000681.SZ,S,24.750,100
583,63,2025-10-16,2025-10-16 14:02:02,000035.SZ,S,5.990,100
584,63,2025-10-16,2025-10-16 14:02:02,000035.SZ,S,5.990,900
585,63,2025-10-16,2025-10-16 14:02:01,000630.SZ,S,5.360,600
586,58,2025-10-16,2025-10-16 14:01:59,002654.SZ,S,14.620,500
587,61,2025-10-16,2025-10-16 14:01:58,002654.SZ,S,14.620,100
588,61,2025-10-16,2025-10-16 14:01:58,002654.SZ,S,14.620,300
589,59,2025-10-16,2025-10-16 14:01:58,002654.SZ,S,14.620,100
590,52,2025-10-16,2025-10-16 14:01:58,002654.SZ,S,14.620,100
591,63,2025-10-16,2025-10-16 14:01:56,603360.SH,S,26.280,100
592,52,2025-10-16,2025-10-16 14:01:55,000685.SZ,S,12.900,100
593,58,2025-10-16,2025-10-16 14:01:52,300329.SZ,S,15.100,200
594,59,2025-10-16,2025-10-16 14:01:51,000681.SZ,S,24.780,100
595,61,2025-10-16,2025-10-16 14:01:49,002176.SZ,S,10.410,200
596,63,2025-10-16,2025-10-16 14:01:43,600208.SH,S,4.590,1200
597,61,2025-10-16,2025-10-16 14:01:25,300329.SZ,S,15.100,200
598,59,2025-10-16,2025-10-16 14:01:25,600397.SH,S,7.720,700
599,63,2025-10-16,2025-10-16 14:01:23,601727.SH,B,9.620,500
600,63,2025-10-16,2025-10-16 14:01:23,000878.SZ,S,18.290,100
601,58,2025-10-16,2025-10-16 14:01:19,002176.SZ,S,10.420,200
602,58,2025-10-16,2025-10-16 14:01:18,600157.SH,S,1.660,4400
603,58,2025-10-16,2025-10-16 14:01:18,600157.SH,S,1.660,1000
604,58,2025-10-16,2025-10-16 14:01:18,600157.SH,S,1.660,500
605,61,2025-10-16,2025-10-16 14:01:18,000612.SZ,S,9.180,200
606,63,2025-10-16,2025-10-16 14:01:18,000685.SZ,S,12.910,200
607,61,2025-10-16,2025-10-16 14:01:17,600157.SH,S,1.660,100
608,61,2025-10-16,2025-10-16 14:01:17,600157.SH,S,1.660,100
609,61,2025-10-16,2025-10-16 14:01:17,600157.SH,S,1.660,2500
610,61,2025-10-16,2025-10-16 14:01:17,600157.SH,S,1.660,2600
611,63,2025-10-16,2025-10-16 14:01:16,600157.SH,S,1.660,2400
612,63,2025-10-16,2025-10-16 14:01:16,600157.SH,S,1.660,1100
613,63,2025-10-16,2025-10-16 14:01:16,002636.SZ,S,13.740,400
614,63,2025-10-16,2025-10-16 14:01:16,600157.SH,S,1.660,1000
615,63,2025-10-16,2025-10-16 14:01:16,002636.SZ,S,13.740,300
616,63,2025-10-16,2025-10-16 14:01:16,600157.SH,S,1.660,2500
617,59,2025-10-16,2025-10-16 14:01:15,600157.SH,S,1.660,2000
618,63,2025-10-16,2025-10-16 13:58:17,601668.SH,B,5.640,1300
619,63,2025-10-16,2025-10-16 13:58:16,601899.SH,B,30.240,100
620,58,2025-10-16,2025-10-16 13:58:16,000612.SZ,B,9.190,100
621,58,2025-10-16,2025-10-16 13:58:16,000612.SZ,B,9.190,600
622,58,2025-10-16,2025-10-16 13:58:16,000612.SZ,B,9.190,500
623,58,2025-10-16,2025-10-16 13:58:16,000612.SZ,B,9.190,500
624,58,2025-10-16,2025-10-16 13:58:16,000612.SZ,B,9.190,600
625,63,2025-10-16,2025-10-16 13:58:13,601857.SH,B,8.420,1000
626,63,2025-10-16,2025-10-16 13:58:13,601668.SH,B,5.640,2000
627,63,2025-10-16,2025-10-16 13:58:07,601288.SH,S,7.460,1200
628,63,2025-10-16,2025-10-16 13:58:07,601288.SH,S,7.460,700
629,63,2025-10-16,2025-10-16 13:58:07,601288.SH,S,7.460,100
630,63,2025-10-16,2025-10-16 13:58:07,601288.SH,S,7.460,100
631,63,2025-10-16,2025-10-16 13:58:07,601288.SH,S,7.460,600
632,63,2025-10-16,2025-10-16 13:58:07,601288.SH,S,7.460,200
633,63,2025-10-16,2025-10-16 13:58:08,000831.SZ,B,57.040,100
634,63,2025-10-16,2025-10-16 13:58:07,601288.SH,S,7.460,300
635,63,2025-10-16,2025-10-16 13:58:07,000831.SZ,B,57.040,100
636,63,2025-10-16,2025-10-16 13:57:59,603993.SH,S,15.690,200
637,52,2025-10-16,2025-10-16 13:57:46,600721.SH,S,9.100,100
638,52,2025-10-16,2025-10-16 13:57:05,600248.SH,S,3.900,100
639,58,2025-10-16,2025-10-16 13:54:19,601121.SH,S,7.010,900
640,52,2025-10-16,2025-10-16 13:54:10,601121.SH,S,7.010,200
641,58,2025-10-16,2025-10-16 13:53:48,000612.SZ,B,9.180,1300
642,58,2025-10-16,2025-10-16 13:53:48,000612.SZ,B,9.180,700
643,52,2025-10-16,2025-10-16 13:51:56,601901.SH,S,8.160,100
644,63,2025-10-16,2025-10-16 13:53:16,601899.SH,B,30.130,100
645,63,2025-10-16,2025-10-16 13:52:53,601899.SH,B,30.130,100
646,52,2025-10-16,2025-10-16 13:51:02,000612.SZ,B,9.160,100
647,63,2025-10-16,2025-10-16 13:52:21,603993.SH,S,15.680,100
648,63,2025-10-16,2025-10-16 13:52:20,603993.SH,S,15.680,200
649,52,2025-10-16,2025-10-16 13:52:14,000166.SZ,B,5.430,700
650,63,2025-10-16,2025-10-16 13:51:40,601288.SH,S,7.460,6000
651,59,2025-10-16,2025-10-16 13:51:28,000612.SZ,B,9.170,100
652,59,2025-10-16,2025-10-16 13:51:28,000612.SZ,B,9.170,900
653,63,2025-10-16,2025-10-16 13:51:25,000685.SZ,S,12.900,100
654,63,2025-10-16,2025-10-16 13:51:22,000685.SZ,S,12.900,600
655,63,2025-10-16,2025-10-16 13:51:22,000685.SZ,S,12.900,100
656,63,2025-10-16,2025-10-16 13:51:22,000685.SZ,S,12.900,200
657,63,2025-10-16,2025-10-16 13:51:22,000685.SZ,S,12.900,300
658,63,2025-10-16,2025-10-16 13:51:22,000685.SZ,S,12.900,500
659,61,2025-10-16,2025-10-16 13:51:20,000753.SZ,S,7.480,400
660,59,2025-10-16,2025-10-16 13:51:20,000753.SZ,S,7.480,100
661,52,2025-10-16,2025-10-16 13:50:43,002688.SZ,S,6.820,100
662,63,2025-10-16,2025-10-16 13:51:19,600919.SH,S,10.950,100
663,63,2025-10-16,2025-10-16 13:51:19,600919.SH,S,10.950,100
664,59,2025-10-16,2025-10-16 13:51:16,605166.SH,S,11.290,100
665,58,2025-10-16,2025-10-16 13:51:08,002126.SZ,S,36.760,100
666,63,2025-10-16,2025-10-16 13:51:08,002475.SZ,B,59.400,100
667,63,2025-10-16,2025-10-16 13:51:08,002475.SZ,B,59.400,100
668,52,2025-10-16,2025-10-16 13:50:11,300126.SZ,S,10.170,300
669,63,2025-10-16,2025-10-16 13:51:04,000831.SZ,B,56.930,100
670,58,2025-10-16,2025-10-16 13:51:04,300683.SZ,S,34.370,100
671,52,2025-10-16,2025-10-16 13:50:40,300683.SZ,S,34.370,100
672,52,2025-10-16,2025-10-16 13:46:17,000090.SZ,S,3.730,200
673,52,2025-10-16,2025-10-16 13:50:47,603766.SH,B,13.880,100
674,58,2025-10-16,2025-10-16 13:50:42,605166.SH,S,11.280,400
675,58,2025-10-16,2025-10-16 13:50:41,603127.SH,S,33.110,100
676,52,2025-10-16,2025-10-16 13:50:41,605166.SH,S,11.280,100
677,61,2025-10-16,2025-10-16 13:50:29,000612.SZ,B,9.160,2400
678,61,2025-10-16,2025-10-16 13:50:26,601121.SH,S,7.000,400
679,61,2025-10-16,2025-10-16 13:50:21,601121.SH,S,7.000,300
680,58,2025-10-16,2025-10-16 13:50:11,300126.SZ,S,10.170,600
681,63,2025-10-16,2025-10-16 13:49:54,601857.SH,B,8.400,1000
682,61,2025-10-16,2025-10-16 13:49:39,603381.SH,S,23.800,100
683,59,2025-10-16,2025-10-16 13:49:28,000612.SZ,B,9.150,800
684,61,2025-10-16,2025-10-16 13:49:26,605166.SH,S,11.290,400
685,59,2025-10-16,2025-10-16 13:49:23,688786.SH,S,31.000,200
686,59,2025-10-16,2025-10-16 13:49:22,601121.SH,S,7.000,300
687,52,2025-10-16,2025-10-16 13:49:20,600438.SH,B,24.520,100
688,52,2025-10-16,2025-10-16 13:49:08,601777.SH,B,11.840,100
689,63,2025-10-16,2025-10-16 13:48:55,600397.SH,S,7.700,300
690,61,2025-10-16,2025-10-16 13:48:55,300683.SZ,S,34.380,100
691,59,2025-10-16,2025-10-16 13:48:54,300683.SZ,S,34.380,100
692,52,2025-10-16,2025-10-16 13:48:47,601975.SH,S,3.150,100
693,58,2025-10-16,2025-10-16 13:48:48,000753.SZ,S,7.460,400
694,52,2025-10-16,2025-10-16 13:48:48,000753.SZ,S,7.460,100
695,63,2025-10-16,2025-10-16 13:48:36,000681.SZ,S,24.770,100
696,61,2025-10-16,2025-10-16 13:48:36,000681.SZ,S,24.770,100
697,63,2025-10-16,2025-10-16 13:48:32,601899.SH,B,30.240,100
698,52,2025-10-16,2025-10-16 13:47:49,601668.SH,B,5.620,400
699,61,2025-10-16,2025-10-16 13:48:17,300158.SZ,S,7.180,100
700,58,2025-10-16,2025-10-16 13:48:12,688786.SH,S,31.000,200
701,58,2025-10-16,2025-10-16 13:48:04,603381.SH,S,23.810,100
702,61,2025-10-16,2025-10-16 13:47:43,603319.SH,S,37.030,100
703,63,2025-10-16,2025-10-16 13:47:31,601668.SH,B,5.620,2600
704,61,2025-10-16,2025-10-16 13:47:30,601975.SH,S,3.150,100
705,58,2025-10-16,2025-10-16 13:47:25,000933.SZ,B,22.230,700
706,58,2025-10-16,2025-10-16 13:47:25,000933.SZ,B,22.230,100
707,63,2025-10-16,2025-10-16 13:47:25,000831.SZ,B,56.880,100
708,52,2025-10-16,2025-10-16 13:47:24,000933.SZ,B,22.230,100
709,63,2025-10-16,2025-10-16 13:47:04,002475.SZ,B,59.400,100
710,61,2025-10-16,2025-10-16 13:47:04,300126.SZ,S,10.170,600
711,59,2025-10-16,2025-10-16 13:47:04,300126.SZ,S,10.170,200
712,61,2025-10-16,2025-10-16 13:46:52,000612.SZ,B,9.160,800
713,61,2025-10-16,2025-10-16 13:46:52,000612.SZ,B,9.160,200
714,61,2025-10-16,2025-10-16 13:46:52,000612.SZ,B,9.160,200
715,61,2025-10-16,2025-10-16 13:46:52,000612.SZ,B,9.160,800
716,63,2025-10-16,2025-10-16 13:46:50,002475.SZ,B,59.440,100
717,58,2025-10-16,2025-10-16 13:46:48,000681.SZ,S,24.760,200
718,59,2025-10-16,2025-10-16 13:46:44,601777.SH,B,11.840,500
719,58,2025-10-16,2025-10-16 13:46:43,603319.SH,S,37.040,100
720,63,2025-10-16,2025-10-16 13:46:41,600733.SH,S,8.000,400
721,52,2025-10-16,2025-10-16 13:46:39,600935.SH,S,2.460,100
722,61,2025-10-16,2025-10-16 13:46:36,603127.SH,S,33.120,100
723,63,2025-10-16,2025-10-16 13:46:35,002130.SZ,S,28.750,100
724,63,2025-10-16,2025-10-16 13:41:40,000933.SZ,B,22.320,900
725,61,2025-10-16,2025-10-16 13:41:40,000933.SZ,B,22.320,800
726,63,2025-10-16,2025-10-16 13:41:13,601939.SH,B,9.120,1000
727,63,2025-10-16,2025-10-16 13:41:09,601857.SH,B,8.380,600
728,63,2025-10-16,2025-10-16 13:41:05,002989.SZ,S,28.550,100
729,63,2025-10-16,2025-10-16 13:41:03,603993.SH,S,15.690,200
730,63,2025-10-16,2025-10-16 13:41:03,603993.SH,S,15.700,100
731,63,2025-10-16,2025-10-16 13:40:41,002989.SZ,S,28.550,100
732,52,2025-10-16,2025-10-16 13:37:47,601118.SH,S,5.440,100
733,63,2025-10-16,2025-10-16 13:39:59,600919.SH,B,10.920,300
734,63,2025-10-16,2025-10-16 13:39:50,601009.SH,B,11.720,400
735,63,2025-10-16,2025-10-16 13:39:26,601816.SH,S,5.160,2900
736,61,2025-10-16,2025-10-16 13:39:22,000933.SZ,B,22.280,1000
737,61,2025-10-16,2025-10-16 13:39:19,000933.SZ,B,22.280,100
738,59,2025-10-16,2025-10-16 13:38:59,002971.SZ,S,35.750,100
739,61,2025-10-16,2025-10-16 13:38:58,002971.SZ,S,35.750,200
740,61,2025-10-16,2025-10-16 13:38:56,600169.SH,S,2.640,300
741,61,2025-10-16,2025-10-16 13:38:56,600169.SH,S,2.640,900
742,63,2025-10-16,2025-10-16 13:38:29,600919.SH,B,10.910,600
743,61,2025-10-16,2025-10-16 13:38:21,600497.SH,S,6.760,1200
744,63,2025-10-16,2025-10-16 13:38:20,002989.SZ,S,28.550,100
745,63,2025-10-16,2025-10-16 13:38:16,000009.SZ,S,11.460,400
746,61,2025-10-16,2025-10-16 13:38:15,000090.SZ,S,3.730,1200
747,63,2025-10-16,2025-10-16 13:36:53,000009.SZ,S,11.460,500
748,52,2025-10-16,2025-10-16 13:36:12,000700.SZ,S,9.640,100
749,63,2025-10-16,2025-10-16 13:36:36,600438.SH,B,24.640,200
750,63,2025-10-16,2025-10-16 13:36:25,603993.SH,S,15.710,400
751,63,2025-10-16,2025-10-16 13:36:22,601939.SH,B,9.110,1500
752,63,2025-10-16,2025-10-16 13:36:16,002688.SZ,S,6.830,1200
753,63,2025-10-16,2025-10-16 13:35:45,603087.SH,S,71.210,200
754,61,2025-10-16,2025-10-16 13:35:39,002622.SZ,S,3.210,100
755,61,2025-10-16,2025-10-16 13:35:39,002622.SZ,S,3.210,100
756,61,2025-10-16,2025-10-16 13:35:39,002622.SZ,S,3.210,100
757,61,2025-10-16,2025-10-16 13:35:39,002622.SZ,S,3.210,100
758,61,2025-10-16,2025-10-16 13:35:39,002622.SZ,S,3.210,100
759,61,2025-10-16,2025-10-16 13:35:39,002622.SZ,S,3.210,300
760,61,2025-10-16,2025-10-16 13:35:39,002622.SZ,S,3.210,100
761,61,2025-10-16,2025-10-16 13:35:39,002622.SZ,S,3.210,100
762,61,2025-10-16,2025-10-16 13:35:39,002622.SZ,S,3.210,200
763,63,2025-10-16,2025-10-16 13:35:34,600022.SH,S,1.600,3800
764,63,2025-10-16,2025-10-16 13:34:25,000630.SZ,S,5.380,800
765,52,2025-10-16,2025-10-16 13:34:22,600721.SH,S,9.120,100
766,61,2025-10-16,2025-10-16 13:34:22,601777.SH,S,11.930,500
767,52,2025-10-16,2025-10-16 13:34:22,600721.SH,S,9.120,200
768,63,2025-10-16,2025-10-16 13:34:19,603319.SH,S,37.160,100
769,61,2025-10-16,2025-10-16 13:34:00,000933.SZ,B,22.220,1600
770,63,2025-10-16,2025-10-16 13:34:00,000933.SZ,B,22.220,700
771,63,2025-10-16,2025-10-16 13:33:54,600031.SH,B,23.560,200
772,63,2025-10-16,2025-10-16 13:33:39,000887.SZ,S,21.950,100
773,63,2025-10-16,2025-10-16 13:33:38,300394.SZ,S,150.920,100
774,61,2025-10-16,2025-10-16 13:33:19,601118.SH,S,5.430,100
775,59,2025-10-16,2025-10-16 13:33:12,600415.SH,S,19.910,100
776,63,2025-10-16,2025-10-16 13:33:05,301511.SZ,S,30.790,100
777,61,2025-10-16,2025-10-16 13:33:03,300457.SZ,S,30.950,100
778,63,2025-10-16,2025-10-16 13:33:02,300539.SZ,S,49.680,100
779,63,2025-10-16,2025-10-16 13:33:01,300539.SZ,S,49.680,100
780,63,2025-10-16,2025-10-16 13:32:54,600353.SH,S,17.900,200
781,63,2025-10-16,2025-10-16 13:32:54,600353.SH,S,17.900,100
782,63,2025-10-16,2025-10-16 13:32:54,600363.SH,S,62.500,100
783,63,2025-10-16,2025-10-16 13:32:53,600919.SH,B,10.910,700
784,63,2025-10-16,2025-10-16 13:32:52,688719.SH,S,41.710,200
785,52,2025-10-16,2025-10-16 13:32:18,000009.SZ,S,11.480,100
786,61,2025-10-16,2025-10-16 13:32:50,300468.SZ,S,37.710,100
787,52,2025-10-16,2025-10-16 13:32:24,000567.SZ,S,7.190,100
788,61,2025-10-16,2025-10-16 13:32:30,002741.SZ,S,22.440,100
789,63,2025-10-16,2025-10-16 13:32:29,000807.SZ,B,20.740,400
790,63,2025-10-16,2025-10-16 13:32:28,601939.SH,B,9.090,1039
791,63,2025-10-16,2025-10-16 13:32:28,601939.SH,B,9.090,500
792,63,2025-10-16,2025-10-16 13:32:28,601939.SH,B,9.090,461
793,63,2025-10-16,2025-10-16 13:32:16,601777.SH,B,11.920,200
794,63,2025-10-16,2025-10-16 13:32:14,601225.SH,B,22.340,200
795,61,2025-10-16,2025-10-16 13:32:14,601618.SH,S,3.800,1200
796,61,2025-10-16,2025-10-16 13:32:13,002146.SZ,S,1.580,1200
797,58,2025-10-16,2025-10-16 13:31:58,002971.SZ,S,35.940,300
798,63,2025-10-16,2025-10-16 13:31:57,600157.SH,S,1.650,3800
799,61,2025-10-16,2025-10-16 13:28:07,000090.SZ,B,3.720,400
800,61,2025-10-16,2025-10-16 13:28:07,000090.SZ,B,3.720,200
801,61,2025-10-16,2025-10-16 13:28:07,000090.SZ,B,3.720,100
802,61,2025-10-16,2025-10-16 13:28:07,000090.SZ,B,3.720,700
803,52,2025-10-16,2025-10-16 13:28:05,600919.SH,B,10.910,1400
804,61,2025-10-16,2025-10-16 13:28:02,603766.SH,S,13.920,400
805,52,2025-10-16,2025-10-16 13:27:46,601816.SH,S,5.150,500
806,52,2025-10-16,2025-10-16 13:27:02,600050.SH,S,5.480,100
807,52,2025-10-16,2025-10-16 13:20:53,601857.SH,S,8.380,200
808,59,2025-10-16,2025-10-16 13:25:47,300079.SZ,S,5.670,100
809,58,2025-10-16,2025-10-16 13:24:58,601777.SH,B,11.930,100
810,58,2025-10-16,2025-10-16 13:24:58,601777.SH,B,11.930,1100
811,58,2025-10-16,2025-10-16 13:24:55,601777.SH,B,11.930,400
812,59,2025-10-16,2025-10-16 13:24:53,600415.SH,B,19.900,400
813,59,2025-10-16,2025-10-16 13:24:45,002971.SZ,S,35.350,100
814,61,2025-10-16,2025-10-16 13:24:36,002971.SZ,S,35.400,300
815,61,2025-10-16,2025-10-16 13:24:10,688223.SH,S,5.830,545
816,63,2025-10-16,2025-10-16 13:22:56,601857.SH,S,8.370,100
817,52,2025-10-16,2025-10-16 13:22:55,600688.SH,S,2.730,100
818,52,2025-10-16,2025-10-16 13:22:43,600919.SH,B,10.910,1300
819,63,2025-10-16,2025-10-16 13:22:25,601816.SH,B,5.160,8000
820,61,2025-10-16,2025-10-16 13:22:05,600962.SH,B,21.510,100
821,61,2025-10-16,2025-10-16 13:22:05,600962.SH,B,21.510,100
822,61,2025-10-16,2025-10-16 13:22:05,600962.SH,B,21.510,100
823,61,2025-10-16,2025-10-16 13:22:05,600962.SH,B,21.510,100
824,61,2025-10-16,2025-10-16 13:22:05,600962.SH,B,21.510,100
825,61,2025-10-16,2025-10-16 13:22:05,600962.SH,B,21.510,100
826,61,2025-10-16,2025-10-16 13:22:05,600962.SH,B,21.510,400
827,61,2025-10-16,2025-10-16 13:21:45,601865.SH,S,17.540,200
828,63,2025-10-16,2025-10-16 13:21:25,300339.SZ,S,57.400,100
829,52,2025-10-16,2025-10-16 13:20:38,600415.SH,S,19.820,200
830,61,2025-10-16,2025-10-16 13:20:34,601089.SH,S,22.930,100
831,59,2025-10-16,2025-10-16 13:20:34,601089.SH,B,22.930,100
832,63,2025-10-16,2025-10-16 13:20:32,603799.SH,S,65.020,200
833,61,2025-10-16,2025-10-16 13:20:29,300710.SZ,S,21.840,100
834,61,2025-10-16,2025-10-16 13:20:21,002622.SZ,B,3.190,1400
835,59,2025-10-16,2025-10-16 13:20:19,601089.SH,B,22.930,100
836,61,2025-10-16,2025-10-16 13:20:00,688108.SH,S,30.650,200
837,59,2025-10-16,2025-10-16 13:19:58,300521.SZ,S,27.380,100
838,61,2025-10-16,2025-10-16 13:19:52,603766.SH,S,13.980,500
839,59,2025-10-16,2025-10-16 13:19:52,603766.SH,S,13.980,300
840,61,2025-10-16,2025-10-16 13:19:42,002552.SZ,S,17.100,100
841,61,2025-10-16,2025-10-16 13:19:17,601777.SH,B,11.940,100
842,61,2025-10-16,2025-10-16 13:19:07,601777.SH,B,11.940,500
843,61,2025-10-16,2025-10-16 13:19:02,601777.SH,B,11.940,500
844,61,2025-10-16,2025-10-16 13:19:01,601777.SH,B,11.940,100
845,52,2025-10-16,2025-10-16 13:18:59,300568.SZ,S,13.730,100
846,61,2025-10-16,2025-10-16 13:18:42,601777.SH,B,11.940,700
847,61,2025-10-16,2025-10-16 13:18:37,600962.SH,B,21.480,200
848,61,2025-10-16,2025-10-16 13:18:37,600962.SH,B,21.480,100
849,61,2025-10-16,2025-10-16 13:18:35,601777.SH,B,11.940,3900
850,61,2025-10-16,2025-10-16 13:18:35,600962.SH,B,21.470,100
851,58,2025-10-16,2025-10-16 13:18:12,601089.SH,S,22.920,100
852,63,2025-10-16,2025-10-16 13:18:12,002245.SZ,S,18.070,100
853,61,2025-10-16,2025-10-16 13:18:09,600415.SH,S,19.800,100
854,61,2025-10-16,2025-10-16 13:18:09,600415.SH,S,19.800,200
855,61,2025-10-16,2025-10-16 13:18:09,600415.SH,S,19.800,100
856,61,2025-10-16,2025-10-16 13:18:09,600497.SH,B,6.780,1400
857,58,2025-10-16,2025-10-16 13:17:59,002971.SZ,S,35.170,300
858,63,2025-10-16,2025-10-16 13:17:58,600919.SH,B,10.890,500
859,52,2025-10-16,2025-10-16 13:17:54,002971.SZ,S,35.180,100
860,61,2025-10-16,2025-10-16 13:17:46,601618.SH,B,3.810,1400
861,58,2025-10-16,2025-10-16 13:17:44,300521.SZ,S,27.150,100
862,58,2025-10-16,2025-10-16 13:17:30,300457.SZ,S,31.060,100
863,59,2025-10-16,2025-10-16 13:17:28,300457.SZ,S,31.070,100
864,63,2025-10-16,2025-10-16 13:17:09,300450.SZ,S,55.280,200
865,61,2025-10-16,2025-10-16 13:17:07,001301.SZ,S,81.180,100
866,63,2025-10-16,2025-10-16 13:16:51,300339.SZ,S,58.080,200
867,61,2025-10-16,2025-10-16 13:16:39,002146.SZ,B,1.580,1400
868,61,2025-10-16,2025-10-16 13:16:27,600425.SH,S,4.730,100
869,61,2025-10-16,2025-10-16 13:16:25,601600.SH,S,8.730,700
870,61,2025-10-16,2025-10-16 13:16:25,601777.SH,B,11.970,1500
871,61,2025-10-16,2025-10-16 13:16:22,600169.SH,B,2.650,1400
872,63,2025-10-16,2025-10-16 13:16:21,601319.SH,S,8.470,200
873,52,2025-10-16,2025-10-16 13:16:17,601319.SH,S,8.470,300
874,58,2025-10-16,2025-10-16 13:16:19,601600.SH,S,8.730,300
875,59,2025-10-16,2025-10-16 13:16:14,600688.SH,S,2.730,100
876,63,2025-10-16,2025-10-16 13:13:38,600157.SH,S,1.640,2700
877,61,2025-10-16,2025-10-16 13:13:20,601089.SH,B,22.980,200
878,61,2025-10-16,2025-10-16 13:13:20,601089.SH,B,22.980,100
879,61,2025-10-16,2025-10-16 13:13:20,601089.SH,B,22.980,200
880,58,2025-10-16,2025-10-16 13:13:14,600415.SH,B,19.800,200
881,63,2025-10-16,2025-10-16 13:13:14,603726.SH,S,25.640,200
882,61,2025-10-16,2025-10-16 13:13:14,603726.SH,S,25.640,600
883,63,2025-10-16,2025-10-16 13:13:12,601857.SH,B,8.390,1400
884,61,2025-10-16,2025-10-16 13:13:11,603169.SH,B,8.490,700
885,58,2025-10-16,2025-10-16 13:13:08,603766.SH,B,14.020,100
886,58,2025-10-16,2025-10-16 13:13:08,603766.SH,B,14.020,100
887,58,2025-10-16,2025-10-16 13:13:08,603766.SH,B,14.020,100
888,58,2025-10-16,2025-10-16 13:13:08,603766.SH,B,14.020,100
889,58,2025-10-16,2025-10-16 13:13:08,603766.SH,B,14.020,100
890,58,2025-10-16,2025-10-16 13:13:08,603766.SH,B,14.020,100
891,58,2025-10-16,2025-10-16 13:13:08,603766.SH,B,14.020,100
892,58,2025-10-16,2025-10-16 13:13:08,603766.SH,B,14.020,100
893,58,2025-10-16,2025-10-16 13:13:08,603766.SH,B,14.020,100
894,58,2025-10-16,2025-10-16 13:13:08,603766.SH,B,14.020,200
895,58,2025-10-16,2025-10-16 13:13:08,002323.SZ,B,1.710,3200
896,61,2025-10-16,2025-10-16 13:13:08,603766.SH,B,14.020,100
897,61,2025-10-16,2025-10-16 13:13:08,603766.SH,B,14.020,100
898,61,2025-10-16,2025-10-16 13:13:08,603766.SH,B,14.020,100
899,61,2025-10-16,2025-10-16 13:13:08,603766.SH,B,14.020,100
900,52,2025-10-16,2025-10-16 13:13:07,002323.SZ,B,1.710,600
901,61,2025-10-16,2025-10-16 13:12:56,600157.SH,B,1.650,300
902,52,2025-10-16,2025-10-16 13:12:56,601816.SH,B,5.170,1900
903,63,2025-10-16,2025-10-16 13:12:45,601816.SH,B,5.170,600
904,63,2025-10-16,2025-10-16 13:12:43,601857.SH,B,8.380,400
905,61,2025-10-16,2025-10-16 13:12:10,600022.SH,B,1.600,300
906,61,2025-10-16,2025-10-16 13:11:59,001330.SZ,S,5.560,800
907,61,2025-10-16,2025-10-16 13:11:59,001330.SZ,S,5.560,2400
908,58,2025-10-16,2025-10-16 13:11:55,603130.SH,S,48.830,100
909,61,2025-10-16,2025-10-16 13:11:55,603130.SH,S,48.790,200
910,63,2025-10-16,2025-10-16 13:11:41,002202.SZ,S,16.190,200
911,63,2025-10-16,2025-10-16 13:11:22,002202.SZ,S,16.190,200
912,61,2025-10-16,2025-10-16 13:11:01,002773.SZ,B,35.510,100
913,58,2025-10-16,2025-10-16 13:10:38,603320.SH,S,20.910,200
914,61,2025-10-16,2025-10-16 13:10:07,601089.SH,B,23.020,200
915,63,2025-10-16,2025-10-16 13:09:58,601319.SH,B,8.450,800
916,58,2025-10-16,2025-10-16 13:09:54,600438.SH,B,24.620,200
917,61,2025-10-16,2025-10-16 13:09:51,603618.SH,B,8.770,100
918,61,2025-10-16,2025-10-16 13:09:49,603618.SH,B,8.770,800
919,58,2025-10-16,2025-10-16 13:09:40,600210.SH,B,7.480,500
920,63,2025-10-16,2025-10-16 13:09:04,601020.SH,S,29.270,100
921,63,2025-10-16,2025-10-16 13:09:02,601020.SH,S,29.270,100
922,58,2025-10-16,2025-10-16 13:08:57,601089.SH,B,23.020,300
923,61,2025-10-16,2025-10-16 13:08:43,600210.SH,B,7.480,1500
924,59,2025-10-16,2025-10-16 13:08:43,600210.SH,B,7.480,300
925,52,2025-10-16,2025-10-16 13:07:49,600415.SH,B,19.750,200
926,58,2025-10-16,2025-10-16 13:08:38,600415.SH,B,19.750,300
927,61,2025-10-16,2025-10-16 13:07:55,600415.SH,B,19.770,1000
928,61,2025-10-16,2025-10-16 13:07:53,601089.SH,B,23.020,100
929,61,2025-10-16,2025-10-16 13:07:53,601089.SH,B,23.020,100
930,61,2025-10-16,2025-10-16 13:07:52,600415.SH,B,19.770,200
931,58,2025-10-16,2025-10-16 13:07:36,300521.SZ,S,27.240,300
932,58,2025-10-16,2025-10-16 13:07:17,001330.SZ,S,5.550,100
933,58,2025-10-16,2025-10-16 13:07:06,603618.SH,B,8.800,900
934,58,2025-10-16,2025-10-16 13:06:06,603269.SH,B,13.160,400
935,61,2025-10-16,2025-10-16 13:06:04,603169.SH,B,8.480,700
936,61,2025-10-16,2025-10-16 13:05:59,603499.SH,B,16.870,300
937,61,2025-10-16,2025-10-16 13:05:57,601865.SH,B,17.620,100
938,58,2025-10-16,2025-10-16 13:05:54,603766.SH,B,14.000,300
939,58,2025-10-16,2025-10-16 13:05:54,603766.SH,B,14.000,100
940,58,2025-10-16,2025-10-16 13:05:54,603766.SH,B,14.000,100
941,58,2025-10-16,2025-10-16 13:05:54,603766.SH,B,14.000,100
942,58,2025-10-16,2025-10-16 13:05:54,603766.SH,B,14.000,100
943,58,2025-10-16,2025-10-16 13:05:54,603766.SH,B,14.000,100
944,58,2025-10-16,2025-10-16 13:05:54,603766.SH,B,14.000,100
945,58,2025-10-16,2025-10-16 13:05:54,603766.SH,B,14.000,100
946,61,2025-10-16,2025-10-16 13:05:54,601865.SH,B,17.620,100
947,61,2025-10-16,2025-10-16 13:05:54,601865.SH,B,17.620,100
948,58,2025-10-16,2025-10-16 13:05:54,600732.SH,B,17.390,500
949,61,2025-10-16,2025-10-16 13:05:53,601865.SH,B,17.620,600
950,58,2025-10-16,2025-10-16 13:05:52,603130.SH,S,48.280,100
951,59,2025-10-16,2025-10-16 13:05:51,601865.SH,B,17.620,400
952,59,2025-10-16,2025-10-16 13:05:51,601865.SH,B,17.620,200
953,61,2025-10-16,2025-10-16 13:05:50,600415.SH,B,19.810,100
954,61,2025-10-16,2025-10-16 13:05:50,600415.SH,B,19.810,200
955,58,2025-10-16,2025-10-16 13:05:48,600438.SH,B,24.640,100
956,58,2025-10-16,2025-10-16 13:05:48,600438.SH,B,24.640,100
957,63,2025-10-16,2025-10-16 13:05:48,600031.SH,B,23.590,400
958,61,2025-10-16,2025-10-16 13:05:48,600438.SH,B,24.640,300
959,59,2025-10-16,2025-10-16 13:05:48,600438.SH,B,24.640,300
960,61,2025-10-16,2025-10-16 13:05:47,603269.SH,B,13.170,200
961,61,2025-10-16,2025-10-16 13:05:47,603269.SH,B,13.170,100
962,63,2025-10-16,2025-10-16 13:05:45,601319.SH,B,8.460,1200
963,59,2025-10-16,2025-10-16 13:05:42,603766.SH,B,13.990,100
964,61,2025-10-16,2025-10-16 13:05:41,603766.SH,B,13.990,1100
965,59,2025-10-16,2025-10-16 13:05:41,603766.SH,B,13.990,100
966,59,2025-10-16,2025-10-16 13:05:41,603766.SH,B,13.990,400
967,63,2025-10-16,2025-10-16 13:05:38,002532.SZ,S,11.870,400
968,61,2025-10-16,2025-10-16 13:05:37,002323.SZ,B,1.710,1400
969,61,2025-10-16,2025-10-16 13:05:37,002323.SZ,B,1.710,1800
970,59,2025-10-16,2025-10-16 13:05:37,002323.SZ,B,1.710,600
971,58,2025-10-16,2025-10-16 13:05:31,603320.SH,S,21.090,400
972,61,2025-10-16,2025-10-16 13:05:31,603320.SH,S,21.090,400
973,63,2025-10-16,2025-10-16 13:05:14,688786.SH,S,31.400,274
974,52,2025-10-16,2025-10-16 13:05:10,601857.SH,B,8.390,600
975,61,2025-10-16,2025-10-16 13:05:10,002506.SZ,B,2.550,300
976,61,2025-10-16,2025-10-16 13:05:03,688223.SH,B,5.840,273
977,61,2025-10-16,2025-10-16 13:05:03,688223.SH,B,5.840,537
978,59,2025-10-16,2025-10-16 13:05:03,600795.SH,S,5.140,100
979,61,2025-10-16,2025-10-16 13:04:57,300521.SZ,S,27.120,300
980,59,2025-10-16,2025-10-16 13:04:58,300521.SZ,S,27.120,100
981,58,2025-10-16,2025-10-16 13:04:56,002249.SZ,S,10.810,200
982,61,2025-10-16,2025-10-16 13:04:33,603169.SH,B,8.490,400
983,52,2025-10-16,2025-10-16 13:01:19,601319.SH,B,8.460,100
984,52,2025-10-16,2025-10-16 13:01:19,601319.SH,B,8.460,400
985,52,2025-10-16,2025-10-16 13:01:19,601319.SH,B,8.460,1400
986,58,2025-10-16,2025-10-16 13:04:31,603169.SH,B,8.490,1500
987,52,2025-10-16,2025-10-16 13:04:31,603169.SH,B,8.490,600
988,58,2025-10-16,2025-10-16 13:04:19,300250.SZ,S,24.050,300
989,52,2025-10-16,2025-10-16 13:03:52,601818.SH,B,3.430,600
990,58,2025-10-16,2025-10-16 13:04:09,600415.SH,B,19.870,400
991,52,2025-10-16,2025-10-16 13:03:35,600415.SH,B,19.870,400
992,61,2025-10-16,2025-10-16 13:04:08,002773.SZ,B,35.470,100
993,58,2025-10-16,2025-10-16 13:04:02,300710.SZ,B,21.910,400
994,58,2025-10-16,2025-10-16 13:03:52,603726.SH,S,25.800,1100
995,52,2025-10-16,2025-10-16 13:03:49,603726.SH,S,25.800,500
996,58,2025-10-16,2025-10-16 13:03:51,603726.SH,S,25.800,100
997,61,2025-10-16,2025-10-16 13:03:43,300710.SZ,B,21.920,300
998,59,2025-10-16,2025-10-16 13:03:43,300710.SZ,B,21.920,300
999,59,2025-10-16,2025-10-16 13:03:41,300650.SZ,S,17.610,100
1000,61,2025-10-16,2025-10-16 13:03:25,002773.SZ,B,35.470,100
1001,61,2025-10-16,2025-10-16 13:03:23,300149.SZ,B,11.570,300
1002,59,2025-10-16,2025-10-16 13:03:06,301381.SZ,B,22.930,300
1003,58,2025-10-16,2025-10-16 13:03:02,300158.SZ,S,7.130,700
1004,63,2025-10-16,2025-10-16 13:02:50,601868.SH,S,2.480,100
1005,58,2025-10-16,2025-10-16 13:02:51,600732.SH,B,17.440,200
1006,58,2025-10-16,2025-10-16 13:02:48,600732.SH,B,17.440,300
1007,52,2025-10-16,2025-10-16 13:02:48,601020.SH,S,29.490,100
1008,58,2025-10-16,2025-10-16 13:02:46,601089.SH,B,23.020,400
1009,61,2025-10-16,2025-10-16 13:02:45,002552.SZ,B,17.180,300
1010,63,2025-10-16,2025-10-16 13:02:42,603920.SH,S,41.020,100
1011,63,2025-10-16,2025-10-16 13:02:42,600036.SH,B,41.340,200
1012,58,2025-10-16,2025-10-16 13:02:41,002766.SZ,S,6.310,1500
1013,61,2025-10-16,2025-10-16 13:02:40,601975.SH,B,3.150,300
1014,63,2025-10-16,2025-10-16 13:02:40,002245.SZ,S,18.250,200
1015,61,2025-10-16,2025-10-16 13:02:40,002245.SZ,S,18.250,200
1016,58,2025-10-16,2025-10-16 13:02:40,002202.SZ,S,16.300,200
1017,59,2025-10-16,2025-10-16 13:02:40,002245.SZ,S,18.250,100
1018,52,2025-10-16,2025-10-16 13:02:40,002766.SZ,S,6.310,900
1019,52,2025-10-16,2025-10-16 13:02:30,002202.SZ,S,16.300,100
1020,58,2025-10-16,2025-10-16 13:02:38,600210.SH,B,7.490,900
1021,61,2025-10-16,2025-10-16 13:02:34,300363.SZ,S,25.110,100
1022,59,2025-10-16,2025-10-16 13:02:34,300363.SZ,S,25.110,100
1023,58,2025-10-16,2025-10-16 13:02:33,002245.SZ,S,18.230,200
1024,61,2025-10-16,2025-10-16 13:02:31,002766.SZ,S,6.280,500
1025,52,2025-10-16,2025-10-16 13:02:31,002245.SZ,S,18.230,100
1026,61,2025-10-16,2025-10-16 13:02:29,688556.SH,S,12.100,323
1027,63,2025-10-16,2025-10-16 13:02:26,601319.SH,B,8.480,1600
1028,61,2025-10-16,2025-10-16 13:02:26,002202.SZ,S,16.320,200
1029,63,2025-10-16,2025-10-16 13:02:26,002202.SZ,S,16.320,500
1030,59,2025-10-16,2025-10-16 13:02:26,002202.SZ,S,16.320,200
1031,58,2025-10-16,2025-10-16 13:02:25,300650.SZ,S,17.650,200
1032,58,2025-10-16,2025-10-16 13:02:23,601619.SH,S,5.210,800
1033,61,2025-10-16,2025-10-16 13:02:20,300650.SZ,S,17.650,100
1034,61,2025-10-16,2025-10-16 13:02:20,300650.SZ,S,17.650,100
1035,61,2025-10-16,2025-10-16 13:02:18,603169.SH,B,8.510,300
1036,61,2025-10-16,2025-10-16 13:02:18,603169.SH,B,8.510,1100
1037,58,2025-10-16,2025-10-16 13:02:14,601600.SH,B,8.940,500
1038,59,2025-10-16,2025-10-16 13:02:10,603169.SH,B,8.510,600
1039,58,2025-10-16,2025-10-16 13:02:06,603130.SH,S,48.480,200
1040,52,2025-10-16,2025-10-16 13:02:05,603130.SH,S,48.490,100
1041,63,2025-10-16,2025-10-16 13:01:57,000807.SZ,B,21.050,200
1042,63,2025-10-16,2025-10-16 13:01:56,600031.SH,B,23.660,100
1043,63,2025-10-16,2025-10-16 13:01:55,600031.SH,B,23.660,300
1044,52,2025-10-16,2025-10-16 13:01:44,688772.SH,S,23.540,200
1045,58,2025-10-16,2025-10-16 13:01:46,600819.SH,S,8.430,900
1046,58,2025-10-16,2025-10-16 13:01:45,600819.SH,S,8.420,1100
1047,63,2025-10-16,2025-10-16 13:01:42,601020.SH,S,29.530,300
1048,52,2025-10-16,2025-10-16 13:01:40,600819.SH,S,8.420,400
1049,61,2025-10-16,2025-10-16 13:01:38,600819.SH,S,8.420,1800
1050,59,2025-10-16,2025-10-16 13:01:39,600819.SH,S,8.420,700
1051,61,2025-10-16,2025-10-16 13:01:32,601600.SH,B,8.900,1200
1052,59,2025-10-16,2025-10-16 13:01:32,601600.SH,B,8.900,300
1053,58,2025-10-16,2025-10-16 13:01:32,002766.SZ,S,6.110,300
1054,58,2025-10-16,2025-10-16 13:01:32,002766.SZ,S,6.110,500
1055,58,2025-10-16,2025-10-16 13:01:32,002766.SZ,S,6.110,800
1056,52,2025-10-16,2025-10-16 13:01:31,300304.SZ,S,13.140,100
1057,58,2025-10-16,2025-10-16 13:01:30,603320.SH,S,21.090,400
1058,61,2025-10-16,2025-10-16 13:01:29,600425.SH,B,4.740,300
1059,61,2025-10-16,2025-10-16 13:01:28,603320.SH,S,21.090,500
1060,59,2025-10-16,2025-10-16 13:01:29,603320.SH,S,21.090,300
1061,52,2025-10-16,2025-10-16 13:01:29,603320.SH,S,21.090,200
1062,61,2025-10-16,2025-10-16 13:01:26,603726.SH,S,25.990,500
1063,63,2025-10-16,2025-10-16 13:01:26,603726.SH,S,25.990,400
1064,61,2025-10-16,2025-10-16 13:01:26,600732.SH,S,17.490,400
1065,59,2025-10-16,2025-10-16 13:01:25,603726.SH,S,25.930,300
1066,59,2025-10-16,2025-10-16 13:01:25,603726.SH,S,25.930,100
1067,61,2025-10-16,2025-10-16 13:01:21,002766.SZ,S,6.120,2300
1068,59,2025-10-16,2025-10-16 13:01:19,002766.SZ,S,6.120,1000
1069,58,2025-10-16,2025-10-16 13:01:20,601600.SH,B,8.910,400
1070,58,2025-10-16,2025-10-16 13:01:19,603319.SH,S,37.110,100
1071,52,2025-10-16,2025-10-16 13:01:18,600732.SH,S,17.480,400
1072,61,2025-10-16,2025-10-16 13:01:17,603130.SH,S,48.580,200
1073,63,2025-10-16,2025-10-16 13:01:17,603130.SH,S,48.580,200
1074,63,2025-10-16,2025-10-16 13:01:16,000887.SZ,S,22.030,200
1075,59,2025-10-16,2025-10-16 13:01:17,603319.SH,S,37.110,100
1076,59,2025-10-16,2025-10-16 13:01:17,603130.SH,S,48.580,100
1077,58,2025-10-16,2025-10-16 11:29:36,301381.SZ,B,23.060,300
1078,58,2025-10-16,2025-10-16 11:29:36,301381.SZ,B,23.060,100
1079,59,2025-10-16,2025-10-16 11:29:32,603618.SH,B,8.830,500
1080,58,2025-10-16,2025-10-16 11:29:30,600157.SH,S,1.650,4900
1081,61,2025-10-16,2025-10-16 11:29:30,600157.SH,S,1.650,2800
1082,61,2025-10-16,2025-10-16 11:29:30,600157.SH,S,1.650,1700
1083,59,2025-10-16,2025-10-16 11:29:30,600157.SH,S,1.650,1700
1084,52,2025-10-16,2025-10-16 11:29:30,600157.SH,S,1.650,500
1085,61,2025-10-16,2025-10-16 11:29:13,002870.SZ,S,38.090,200
1086,52,2025-10-16,2025-10-16 11:29:14,002870.SZ,S,38.090,100
1087,58,2025-10-16,2025-10-16 11:29:12,002249.SZ,B,10.860,300
1088,63,2025-10-16,2025-10-16 11:29:12,000157.SZ,B,8.340,400
1089,58,2025-10-16,2025-10-16 11:29:08,301381.SZ,B,23.040,400
1090,58,2025-10-16,2025-10-16 11:29:08,301381.SZ,B,23.040,200
1091,58,2025-10-16,2025-10-16 11:29:08,601865.SH,B,17.680,400
1092,63,2025-10-16,2025-10-16 11:29:07,601857.SH,S,8.370,500
1093,60,2025-10-16,2025-10-16 11:29:07,002128.SZ,S,24.360,200
1094,61,2025-10-16,2025-10-16 11:29:07,605068.SH,S,25.240,100
1095,52,2025-10-16,2025-10-16 11:29:07,000157.SZ,B,8.340,400
1096,58,2025-10-16,2025-10-16 11:29:05,605068.SH,S,25.240,300
1097,58,2025-10-16,2025-10-16 11:29:04,300250.SZ,B,24.170,100
1098,58,2025-10-16,2025-10-16 11:29:04,300250.SZ,B,24.170,100
1099,60,2025-10-16,2025-10-16 11:29:05,002128.SZ,S,24.360,200
1100,52,2025-10-16,2025-10-16 11:29:05,605068.SH,S,25.240,100
1101,63,2025-10-16,2025-10-16 11:29:03,002407.SZ,S,20.720,400
1102,58,2025-10-16,2025-10-16 11:29:02,002870.SZ,S,38.100,600
1103,58,2025-10-16,2025-10-16 11:28:55,300250.SZ,B,24.160,200
1104,61,2025-10-16,2025-10-16 11:28:41,600935.SH,S,2.450,100
1105,44,2025-10-16,2025-10-16 11:28:37,600575.SH,S,3.430,200
1106,60,2025-10-16,2025-10-16 11:28:38,601988.SH,B,5.330,800
1107,44,2025-10-16,2025-10-16 11:28:08,300298.SZ,B,19.550,200
1108,58,2025-10-16,2025-10-16 11:28:07,002870.SZ,S,38.100,100
1109,59,2025-10-16,2025-10-16 11:27:37,002622.SZ,S,3.210,100
1110,61,2025-10-16,2025-10-16 11:27:37,002622.SZ,S,3.210,100
1111,61,2025-10-16,2025-10-16 11:27:30,600732.SH,B,17.530,200
1112,61,2025-10-16,2025-10-16 11:27:29,301381.SZ,B,23.060,400
1113,60,2025-10-16,2025-10-16 11:26:43,002292.SZ,B,8.670,400
1114,60,2025-10-16,2025-10-16 11:26:06,600660.SH,B,67.130,100
1115,60,2025-10-16,2025-10-16 11:25:57,002128.SZ,S,24.440,300
1116,63,2025-10-16,2025-10-16 11:25:48,601868.SH,S,2.480,2000
1117,58,2025-10-16,2025-10-16 11:25:38,601865.SH,B,17.670,200
1118,61,2025-10-16,2025-10-16 11:25:35,301381.SZ,B,23.090,100
1119,61,2025-10-16,2025-10-16 11:25:35,301381.SZ,B,23.090,100
1120,61,2025-10-16,2025-10-16 11:25:35,301381.SZ,B,23.090,100
1121,58,2025-10-16,2025-10-16 11:25:35,002688.SZ,S,6.840,400
1122,58,2025-10-16,2025-10-16 11:25:31,002688.SZ,S,6.840,300
1123,60,2025-10-16,2025-10-16 11:25:19,002318.SZ,S,25.960,100
1124,60,2025-10-16,2025-10-16 11:25:19,002318.SZ,S,25.960,100
1125,60,2025-10-16,2025-10-16 11:25:19,002318.SZ,S,25.960,100
1126,61,2025-10-16,2025-10-16 11:25:02,601865.SH,B,17.700,300
1127,60,2025-10-16,2025-10-16 11:24:59,600660.SH,B,67.160,100
1128,44,2025-10-16,2025-10-16 11:24:46,603708.SH,B,10.580,200
1129,44,2025-10-16,2025-10-16 11:24:46,603708.SH,B,10.580,100
1130,59,2025-10-16,2025-10-16 11:24:41,300363.SZ,B,25.270,200
1131,58,2025-10-16,2025-10-16 11:24:40,300363.SZ,B,25.270,300
1132,58,2025-10-16,2025-10-16 11:24:40,300250.SZ,B,24.230,100
1133,58,2025-10-16,2025-10-16 11:24:40,300250.SZ,B,24.230,100
1134,60,2025-10-16,2025-10-16 11:24:40,601865.SH,B,17.720,200
1135,61,2025-10-16,2025-10-16 11:24:40,300363.SZ,B,25.270,200
1136,60,2025-10-16,2025-10-16 11:24:40,601865.SH,B,17.710,100
1137,62,2025-10-16,2025-10-16 11:24:39,600642.SH,B,8.110,100
1138,60,2025-10-16,2025-10-16 11:24:28,600104.SH,B,16.840,200
1139,60,2025-10-16,2025-10-16 11:24:26,600104.SH,B,16.840,200
1140,58,2025-10-16,2025-10-16 11:24:23,002622.SZ,S,3.200,300
1141,60,2025-10-16,2025-10-16 11:24:24,600642.SH,S,8.110,100
1142,60,2025-10-16,2025-10-16 11:24:21,000157.SZ,S,8.350,900
1143,61,2025-10-16,2025-10-16 11:24:21,688556.SH,B,12.070,547
1144,60,2025-10-16,2025-10-16 11:24:20,600642.SH,S,8.110,500
1145,60,2025-10-16,2025-10-16 11:24:19,600642.SH,S,8.110,100
1146,60,2025-10-16,2025-10-16 11:24:19,600642.SH,S,8.110,100
1147,52,2025-10-16,2025-10-16 11:24:16,002870.SZ,S,38.200,100
1148,63,2025-10-16,2025-10-16 11:24:14,601857.SH,S,8.380,700
1149,60,2025-10-16,2025-10-16 11:24:11,002062.SZ,S,10.270,400
1150,52,2025-10-16,2025-10-16 11:24:11,600732.SH,B,17.570,300
1151,52,2025-10-16,2025-10-16 11:24:11,600732.SH,B,17.570,200
1152,52,2025-10-16,2025-10-16 11:24:11,600732.SH,B,17.570,200
1153,52,2025-10-16,2025-10-16 11:24:11,600732.SH,B,17.570,100
1154,60,2025-10-16,2025-10-16 11:24:07,002292.SZ,B,8.670,400
1155,62,2025-10-16,2025-10-16 11:24:06,601326.SH,S,3.510,1400
1156,58,2025-10-16,2025-10-16 11:24:02,002870.SZ,S,38.210,100
1157,52,2025-10-16,2025-10-16 11:23:31,002532.SZ,B,12.030,300
1158,58,2025-10-16,2025-10-16 11:24:00,600152.SH,S,6.750,200
1159,60,2025-10-16,2025-10-16 11:23:58,600642.SH,S,8.110,500
1160,59,2025-10-16,2025-10-16 11:23:52,002688.SZ,S,6.840,400
1161,61,2025-10-16,2025-10-16 11:23:50,002688.SZ,S,6.840,1100
1162,63,2025-10-16,2025-10-16 11:23:48,600732.SH,B,17.600,200
1163,59,2025-10-16,2025-10-16 11:23:47,600207.SH,B,5.410,500
1164,60,2025-10-16,2025-10-16 11:23:43,000617.SZ,S,11.130,500
1165,63,2025-10-16,2025-10-16 11:23:40,002407.SZ,S,20.810,500
1166,63,2025-10-16,2025-10-16 11:23:30,603920.SH,B,41.300,300
1167,52,2025-10-16,2025-10-16 11:23:28,688223.SH,S,5.880,474
1168,52,2025-10-16,2025-10-16 11:23:28,688223.SH,S,5.880,200
1169,58,2025-10-16,2025-10-16 11:23:16,001330.SZ,S,5.580,300
1170,52,2025-10-16,2025-10-16 11:23:05,001330.SZ,S,5.580,200
1171,60,2025-10-16,2025-10-16 11:23:10,600522.SH,B,18.010,300
1172,58,2025-10-16,2025-10-16 11:23:08,300158.SZ,B,7.160,500
1173,60,2025-10-16,2025-10-16 11:23:06,000778.SZ,B,3.940,600
1174,60,2025-10-16,2025-10-16 11:23:06,000778.SZ,B,3.940,1200
1175,60,2025-10-16,2025-10-16 11:23:05,600733.SH,B,8.070,600
1176,60,2025-10-16,2025-10-16 11:23:05,600733.SH,B,8.070,400
1177,60,2025-10-16,2025-10-16 11:23:05,300413.SZ,B,31.110,100
1178,60,2025-10-16,2025-10-16 11:23:04,601865.SH,B,17.760,200
1179,60,2025-10-16,2025-10-16 11:23:02,600733.SH,B,8.070,400
1180,44,2025-10-16,2025-10-16 11:23:01,301511.SZ,B,31.130,100
1181,60,2025-10-16,2025-10-16 11:22:59,600733.SH,B,8.070,400
1182,63,2025-10-16,2025-10-16 11:22:57,002532.SZ,B,12.080,1600
1183,60,2025-10-16,2025-10-16 11:22:55,300769.SZ,S,41.800,100
1184,63,2025-10-16,2025-10-16 11:22:54,002532.SZ,B,12.070,500
1185,58,2025-10-16,2025-10-16 11:22:51,300158.SZ,B,7.160,700
1186,60,2025-10-16,2025-10-16 11:22:45,600256.SH,S,5.280,1000
1187,62,2025-10-16,2025-10-16 11:22:45,002542.SZ,B,3.580,1100
1188,62,2025-10-16,2025-10-16 11:22:45,002542.SZ,B,3.580,100
1189,60,2025-10-16,2025-10-16 11:22:41,688009.SH,B,5.460,1000
1190,61,2025-10-16,2025-10-16 11:22:35,301015.SZ,S,27.010,100
1191,62,2025-10-16,2025-10-16 11:22:33,601179.SH,S,7.490,600
1192,60,2025-10-16,2025-10-16 11:22:25,600760.SH,S,68.440,100
1193,44,2025-10-16,2025-10-16 11:22:24,000426.SZ,B,35.550,100
1194,60,2025-10-16,2025-10-16 11:22:19,002385.SZ,B,4.130,5400
1195,60,2025-10-16,2025-10-16 11:22:19,002080.SZ,B,30.380,200
1196,58,2025-10-16,2025-10-16 11:22:16,601020.SH,S,29.910,200
1197,60,2025-10-16,2025-10-16 11:22:13,000100.SZ,B,4.220,1700
1198,52,2025-10-16,2025-10-16 11:19:29,002688.SZ,S,6.850,400
1199,60,2025-10-16,2025-10-16 11:22:10,601668.SH,B,5.620,700
1200,62,2025-10-16,2025-10-16 11:22:09,002048.SZ,B,32.950,200
1201,62,2025-10-16,2025-10-16 11:22:08,600985.SH,B,13.270,400
1202,62,2025-10-16,2025-10-16 11:22:07,600395.SH,S,5.600,700
1203,62,2025-10-16,2025-10-16 11:22:06,601225.SH,S,22.420,200
1204,60,2025-10-16,2025-10-16 11:22:05,600166.SH,B,2.780,2100
1205,60,2025-10-16,2025-10-16 11:22:03,600016.SH,B,4.020,1600
1206,60,2025-10-16,2025-10-16 11:22:03,601668.SH,B,5.620,700
1207,60,2025-10-16,2025-10-16 11:22:02,601288.SH,S,7.390,1000
1208,60,2025-10-16,2025-10-16 11:22:02,300680.SZ,S,55.130,100
1209,60,2025-10-16,2025-10-16 11:22:01,600866.SH,B,7.740,500
1210,60,2025-10-16,2025-10-16 11:22:01,600866.SH,B,7.740,1300
1211,60,2025-10-16,2025-10-16 11:22:01,600866.SH,B,7.740,500
1212,60,2025-10-16,2025-10-16 11:22:01,600866.SH,B,7.740,200
1213,61,2025-10-16,2025-10-16 11:21:59,688223.SH,S,5.850,1723
1214,59,2025-10-16,2025-10-16 11:21:59,688223.SH,S,5.850,1234
1215,60,2025-10-16,2025-10-16 11:21:55,002624.SZ,B,17.220,300
1216,62,2025-10-16,2025-10-16 11:21:54,601065.SH,S,8.410,100
1217,62,2025-10-16,2025-10-16 11:21:54,601065.SH,S,8.410,100
1218,62,2025-10-16,2025-10-16 11:21:54,601065.SH,S,8.410,100
1219,62,2025-10-16,2025-10-16 11:21:55,002048.SZ,B,32.930,100
1220,62,2025-10-16,2025-10-16 11:21:54,601065.SH,S,8.410,200
1221,60,2025-10-16,2025-10-16 11:21:52,000778.SZ,B,3.930,1500
1222,58,2025-10-16,2025-10-16 11:21:49,002249.SZ,B,10.870,500
1223,52,2025-10-16,2025-10-16 11:21:47,000157.SZ,B,8.360,1200
1224,60,2025-10-16,2025-10-16 11:21:44,600036.SH,S,41.430,100
1225,61,2025-10-16,2025-10-16 11:21:42,688233.SH,S,50.390,200
1226,63,2025-10-16,2025-10-16 11:21:38,001289.SZ,S,18.240,300
1227,60,2025-10-16,2025-10-16 11:21:37,600183.SH,B,60.870,100
1228,62,2025-10-16,2025-10-16 11:21:37,300790.SZ,B,30.540,100
1229,60,2025-10-16,2025-10-16 11:21:37,300761.SZ,S,22.890,100
1230,60,2025-10-16,2025-10-16 11:21:35,002603.SZ,S,16.860,200
1231,60,2025-10-16,2025-10-16 11:21:35,300761.SZ,S,22.890,100
1232,44,2025-10-16,2025-10-16 11:21:30,002015.SZ,B,11.260,300
1233,60,2025-10-16,2025-10-16 11:21:30,300682.SZ,B,18.670,200
1234,60,2025-10-16,2025-10-16 11:21:30,300682.SZ,B,18.670,100
1235,62,2025-10-16,2025-10-16 11:21:30,000833.SZ,B,14.470,600
1236,60,2025-10-16,2025-10-16 11:21:27,603185.SH,B,22.800,200
1237,60,2025-10-16,2025-10-16 11:21:27,002080.SZ,B,30.400,100
1238,44,2025-10-16,2025-10-16 11:21:25,000833.SZ,B,14.470,300
1239,60,2025-10-16,2025-10-16 11:21:25,301377.SZ,B,72.010,100
1240,62,2025-10-16,2025-10-16 11:21:24,000833.SZ,B,14.470,600
1241,60,2025-10-16,2025-10-16 11:21:21,601818.SH,B,3.440,2000
1242,62,2025-10-16,2025-10-16 11:21:21,000833.SZ,B,14.470,600
1243,60,2025-10-16,2025-10-16 11:21:21,300316.SZ,B,41.300,100
1244,60,2025-10-16,2025-10-16 11:21:21,300059.SZ,B,25.440,300
1245,60,2025-10-16,2025-10-16 11:21:20,002240.SZ,B,19.430,200
1246,60,2025-10-16,2025-10-16 11:21:18,603806.SH,B,16.000,200
1247,44,2025-10-16,2025-10-16 11:21:18,002048.SZ,B,32.960,400
1248,62,2025-10-16,2025-10-16 11:21:17,002048.SZ,B,32.960,100
1249,60,2025-10-16,2025-10-16 11:21:16,600522.SH,B,17.980,200
1250,60,2025-10-16,2025-10-16 11:21:14,601225.SH,S,22.400,200
1251,60,2025-10-16,2025-10-16 11:21:13,000166.SZ,B,5.450,1700
1252,61,2025-10-16,2025-10-16 11:21:12,300801.SZ,B,25.770,100
1253,58,2025-10-16,2025-10-16 11:21:10,002249.SZ,B,10.870,400
1254,59,2025-10-16,2025-10-16 11:21:10,002202.SZ,B,16.520,400
1255,61,2025-10-16,2025-10-16 11:21:09,600732.SH,B,17.490,400
1256,62,2025-10-16,2025-10-16 11:21:05,603323.SH,B,5.240,1300
1257,44,2025-10-16,2025-10-16 11:21:01,002138.SZ,S,36.960,100
1258,62,2025-10-16,2025-10-16 11:20:57,601225.SH,S,22.420,100
1259,61,2025-10-16,2025-10-16 11:20:54,002870.SZ,S,38.200,100
1260,61,2025-10-16,2025-10-16 11:20:54,002870.SZ,S,38.200,100
1261,62,2025-10-16,2025-10-16 11:20:53,601225.SH,S,22.420,200
1262,62,2025-10-16,2025-10-16 11:20:51,002542.SZ,B,3.580,1800
1263,62,2025-10-16,2025-10-16 11:20:50,601225.SH,S,22.420,200
1264,62,2025-10-16,2025-10-16 11:20:46,600033.SH,S,3.440,3800
1265,61,2025-10-16,2025-10-16 11:20:42,301381.SZ,B,23.080,100
1266,61,2025-10-16,2025-10-16 11:20:42,301381.SZ,B,23.080,100
1267,61,2025-10-16,2025-10-16 11:20:42,301381.SZ,B,23.080,100
1268,61,2025-10-16,2025-10-16 11:20:42,301381.SZ,B,23.080,100
1269,60,2025-10-16,2025-10-16 11:20:40,002690.SZ,S,20.230,300
1270,60,2025-10-16,2025-10-16 11:20:39,600331.SH,S,10.280,300
1271,44,2025-10-16,2025-10-16 11:20:33,600103.SH,S,3.530,1400
1272,62,2025-10-16,2025-10-16 11:20:32,601518.SH,B,2.790,1000
1273,62,2025-10-16,2025-10-16 11:20:32,601518.SH,B,2.790,100
1274,62,2025-10-16,2025-10-16 11:20:32,601518.SH,B,2.790,4400
1275,61,2025-10-16,2025-10-16 11:20:31,002202.SZ,S,16.480,200
1276,62,2025-10-16,2025-10-16 11:20:22,600658.SH,B,5.580,2100
1277,52,2025-10-16,2025-10-16 11:16:18,002283.SZ,S,6.480,200
1278,58,2025-10-16,2025-10-16 11:20:19,601975.SH,S,3.160,600
1279,52,2025-10-16,2025-10-16 11:20:20,601975.SH,S,3.160,400
1280,44,2025-10-16,2025-10-16 11:20:18,603738.SH,S,14.920,500
1281,58,2025-10-16,2025-10-16 11:20:17,300713.SZ,S,19.480,100
1282,61,2025-10-16,2025-10-16 11:20:18,601975.SH,S,3.160,500
1283,62,2025-10-16,2025-10-16 11:20:18,600658.SH,B,5.580,800
1284,59,2025-10-16,2025-10-16 11:20:18,601975.SH,S,3.160,200
1285,58,2025-10-16,2025-10-16 11:19:52,000058.SZ,S,10.650,100
1286,60,2025-10-16,2025-10-16 11:19:53,000600.SZ,B,9.000,400
1287,52,2025-10-16,2025-10-16 11:19:53,000058.SZ,S,10.650,100
1288,62,2025-10-16,2025-10-16 11:19:48,600658.SH,B,5.580,100
1289,60,2025-10-16,2025-10-16 11:19:46,002648.SZ,S,18.420,200
1290,62,2025-10-16,2025-10-16 11:19:46,600658.SH,B,5.580,2000
1291,44,2025-10-16,2025-10-16 11:19:42,600497.SH,S,6.890,500
1292,61,2025-10-16,2025-10-16 11:19:36,300250.SZ,B,24.310,300
1293,62,2025-10-16,2025-10-16 11:19:34,600985.SH,B,13.260,500
1294,60,2025-10-16,2025-10-16 11:19:29,600446.SH,S,17.420,300
1295,52,2025-10-16,2025-10-16 11:19:04,600973.SH,S,5.600,100
1296,58,2025-10-16,2025-10-16 11:19:25,002688.SZ,S,6.850,500
1297,58,2025-10-16,2025-10-16 11:19:25,002688.SZ,S,6.850,100
1298,58,2025-10-16,2025-10-16 11:19:24,600793.SH,S,23.910,100
1299,58,2025-10-16,2025-10-16 11:19:22,301381.SZ,B,23.100,200
1300,58,2025-10-16,2025-10-16 11:19:22,301381.SZ,B,23.100,300
1301,58,2025-10-16,2025-10-16 11:19:22,301381.SZ,B,23.100,200
1302,58,2025-10-16,2025-10-16 11:19:22,301381.SZ,B,23.100,100
1303,60,2025-10-16,2025-10-16 11:19:21,300389.SZ,B,16.930,400
1304,52,2025-10-16,2025-10-16 11:19:22,002622.SZ,S,3.210,100
1305,52,2025-10-16,2025-10-16 11:19:15,603319.SH,S,37.480,100
1306,58,2025-10-16,2025-10-16 11:19:13,603319.SH,S,37.480,100
1307,44,2025-10-16,2025-10-16 11:19:13,301078.SZ,S,11.110,400
1308,61,2025-10-16,2025-10-16 11:19:12,002373.SZ,S,11.300,100
1309,62,2025-10-16,2025-10-16 11:19:08,600658.SH,B,5.580,100
1310,61,2025-10-16,2025-10-16 11:19:07,600793.SH,S,23.910,100
1311,62,2025-10-16,2025-10-16 11:19:07,600658.SH,B,5.580,300
1312,61,2025-10-16,2025-10-16 11:19:04,603319.SH,S,37.510,100
1313,61,2025-10-16,2025-10-16 11:18:58,600732.SH,B,17.510,400
1314,63,2025-10-16,2025-10-16 11:18:58,600732.SH,B,17.510,500
1315,60,2025-10-16,2025-10-16 11:18:58,300769.SZ,S,41.910,100
1316,59,2025-10-16,2025-10-16 11:18:56,600152.SH,S,6.780,100
1317,60,2025-10-16,2025-10-16 11:18:55,601012.SH,S,20.050,300
1318,61,2025-10-16,2025-10-16 11:18:55,300713.SZ,S,19.520,100
1319,58,2025-10-16,2025-10-16 11:18:50,002158.SZ,S,26.360,100
1320,61,2025-10-16,2025-10-16 11:18:50,002158.SZ,S,26.360,100
1321,52,2025-10-16,2025-10-16 11:18:51,002158.SZ,S,26.360,100
1322,61,2025-10-16,2025-10-16 11:18:49,605068.SH,S,25.580,100
1323,61,2025-10-16,2025-10-16 11:18:49,605068.SH,S,25.580,100
1324,59,2025-10-16,2025-10-16 11:18:49,605068.SH,S,25.580,100
1325,61,2025-10-16,2025-10-16 11:18:48,600152.SH,S,6.780,200
1326,63,2025-10-16,2025-10-16 11:18:47,002407.SZ,S,20.880,500
1327,61,2025-10-16,2025-10-16 11:18:46,603766.SH,B,14.100,300
1328,58,2025-10-16,2025-10-16 11:18:43,688233.SH,S,49.750,39
1329,58,2025-10-16,2025-10-16 11:18:43,688233.SH,S,49.750,168
1330,60,2025-10-16,2025-10-16 11:18:34,600795.SH,S,5.130,700
1331,60,2025-10-16,2025-10-16 11:18:34,600795.SH,S,5.130,2400
1332,60,2025-10-16,2025-10-16 11:18:34,600795.SH,S,5.130,800
1333,60,2025-10-16,2025-10-16 11:18:30,600309.SH,B,63.740,100
1334,44,2025-10-16,2025-10-16 11:18:27,002812.SZ,B,43.120,300
1335,60,2025-10-16,2025-10-16 11:18:25,601136.SH,B,22.080,200
1336,59,2025-10-16,2025-10-16 11:18:24,300158.SZ,B,7.180,500
1337,63,2025-10-16,2025-10-16 11:18:24,002738.SZ,S,48.650,200
1338,58,2025-10-16,2025-10-16 11:18:23,300650.SZ,S,18.080,100
1339,58,2025-10-16,2025-10-16 11:18:20,300551.SZ,S,12.300,100
1340,63,2025-10-16,2025-10-16 11:18:18,601208.SH,B,18.720,300
1341,61,2025-10-16,2025-10-16 11:18:15,300158.SZ,B,7.180,500
1342,61,2025-10-16,2025-10-16 11:18:05,600732.SH,B,17.510,100
1343,59,2025-10-16,2025-10-16 11:18:04,300363.SZ,B,25.380,300
1344,61,2025-10-16,2025-10-16 11:17:57,300363.SZ,B,25.380,200
1345,61,2025-10-16,2025-10-16 11:17:52,300363.SZ,B,25.380,100
1346,58,2025-10-16,2025-10-16 11:17:43,300363.SZ,B,25.390,300
1347,61,2025-10-16,2025-10-16 11:17:43,300551.SZ,S,12.300,100
1348,62,2025-10-16,2025-10-16 11:17:42,601083.SH,S,12.360,900
1349,60,2025-10-16,2025-10-16 11:17:38,002733.SZ,B,21.890,200
1350,61,2025-10-16,2025-10-16 11:17:29,301076.SZ,B,53.150,100
1351,60,2025-10-16,2025-10-16 11:17:29,002733.SZ,B,21.890,200
1352,52,2025-10-16,2025-10-16 11:17:28,002532.SZ,B,12.000,500
1353,58,2025-10-16,2025-10-16 11:17:27,688786.SH,S,31.680,200
1354,52,2025-10-16,2025-10-16 11:17:18,688786.SH,S,31.680,200
1355,61,2025-10-16,2025-10-16 11:17:26,688786.SH,S,31.670,200
1356,60,2025-10-16,2025-10-16 11:17:20,600887.SH,S,27.800,500
1357,52,2025-10-16,2025-10-16 11:16:18,688223.SH,S,5.850,1000
1358,63,2025-10-16,2025-10-16 11:17:13,000157.SZ,B,8.350,800
1359,60,2025-10-16,2025-10-16 11:17:12,300138.SZ,B,14.510,400
1360,61,2025-10-16,2025-10-16 11:17:08,600834.SH,S,8.950,100
1361,61,2025-10-16,2025-10-16 11:17:05,601020.SH,S,29.820,300
1362,62,2025-10-16,2025-10-16 11:17:03,300304.SZ,B,13.000,2600
1363,62,2025-10-16,2025-10-16 11:17:03,300304.SZ,B,13.000,1500
1364,59,2025-10-16,2025-10-16 11:16:57,000058.SZ,S,10.640,100
1365,59,2025-10-16,2025-10-16 11:16:57,000058.SZ,S,10.640,200
1366,62,2025-10-16,2025-10-16 11:16:55,000088.SZ,S,4.480,1400
1367,60,2025-10-16,2025-10-16 11:16:55,000960.SZ,B,23.990,600
1368,61,2025-10-16,2025-10-16 11:16:52,300650.SZ,S,17.960,100
1369,58,2025-10-16,2025-10-16 11:16:46,002202.SZ,S,16.290,100
1370,60,2025-10-16,2025-10-16 11:16:41,300059.SZ,B,25.470,200
1371,61,2025-10-16,2025-10-16 11:16:37,002518.SZ,S,43.980,100
1372,52,2025-10-16,2025-10-16 11:16:31,002373.SZ,S,11.300,100
1373,61,2025-10-16,2025-10-16 11:16:33,002870.SZ,S,38.510,300
1374,59,2025-10-16,2025-10-16 11:16:33,002870.SZ,S,38.510,200
1375,60,2025-10-16,2025-10-16 11:16:29,002733.SZ,B,21.920,200
1376,59,2025-10-16,2025-10-16 11:16:28,601020.SH,S,29.810,100
1377,44,2025-10-16,2025-10-16 11:16:21,600499.SH,B,11.660,300
1378,44,2025-10-16,2025-10-16 11:16:21,600499.SH,B,11.660,100
1379,61,2025-10-16,2025-10-16 11:16:20,300302.SZ,S,22.520,100
1380,59,2025-10-16,2025-10-16 11:16:17,002506.SZ,S,2.560,100
1381,61,2025-10-16,2025-10-16 11:16:16,002506.SZ,S,2.560,100
1382,62,2025-10-16,2025-10-16 11:16:11,000088.SZ,S,4.480,700
1383,60,2025-10-16,2025-10-16 11:15:50,600864.SH,S,7.520,200
1384,60,2025-10-16,2025-10-16 11:15:50,600864.SH,S,7.520,200
1385,62,2025-10-16,2025-10-16 11:15:37,301058.SZ,S,11.210,300
1386,62,2025-10-16,2025-10-16 11:15:37,301058.SZ,S,11.210,200
1387,62,2025-10-16,2025-10-16 11:15:32,301058.SZ,S,11.210,100
1388,44,2025-10-16,2025-10-16 11:15:17,600834.SH,B,8.960,200
1389,60,2025-10-16,2025-10-16 11:15:04,002648.SZ,S,18.450,200
1390,60,2025-10-16,2025-10-16 11:14:57,001203.SZ,S,12.930,400
1391,60,2025-10-16,2025-10-16 11:14:49,001330.SZ,S,5.600,600
1392,62,2025-10-16,2025-10-16 11:14:49,001330.SZ,S,5.600,8900
1393,44,2025-10-16,2025-10-16 11:14:34,002312.SZ,B,10.730,100
1394,60,2025-10-16,2025-10-16 11:14:30,002206.SZ,B,6.160,800
1395,60,2025-10-16,2025-10-16 11:14:30,002206.SZ,B,6.160,700
1396,60,2025-10-16,2025-10-16 11:14:30,002206.SZ,B,6.160,100
1397,60,2025-10-16,2025-10-16 11:14:30,002206.SZ,B,6.160,400
1398,60,2025-10-16,2025-10-16 11:14:30,002206.SZ,B,6.160,500
1399,60,2025-10-16,2025-10-16 11:14:30,002206.SZ,B,6.160,1600
1400,44,2025-10-16,2025-10-16 11:14:25,000636.SZ,S,15.980,100
1401,60,2025-10-16,2025-10-16 11:14:16,002385.SZ,B,4.120,1500
1402,62,2025-10-16,2025-10-16 11:14:05,600019.SH,S,7.160,2000
1403,60,2025-10-16,2025-10-16 11:13:37,300251.SZ,B,16.600,200
1404,58,2025-10-16,2025-10-16 11:13:30,600022.SH,B,1.620,200
1405,62,2025-10-16,2025-10-16 11:13:14,300790.SZ,B,30.740,300
1406,58,2025-10-16,2025-10-16 11:13:13,688472.SH,B,13.570,67
1407,58,2025-10-16,2025-10-16 11:13:11,600721.SH,S,9.130,400
1408,61,2025-10-16,2025-10-16 11:13:11,002202.SZ,B,16.140,200
1409,63,2025-10-16,2025-10-16 11:13:11,601857.SH,B,8.390,1100
1410,61,2025-10-16,2025-10-16 11:13:11,301092.SZ,S,31.000,200
1411,59,2025-10-16,2025-10-16 11:13:08,000803.SZ,S,6.620,100
1412,61,2025-10-16,2025-10-16 11:13:07,688221.SH,B,14.870,346
1413,61,2025-10-16,2025-10-16 11:13:07,000803.SZ,S,6.620,100
1414,62,2025-10-16,2025-10-16 11:13:04,300790.SZ,B,30.740,300
1415,62,2025-10-16,2025-10-16 11:13:04,300790.SZ,B,30.740,300
1416,58,2025-10-16,2025-10-16 11:13:02,688472.SH,B,13.570,200
1417,62,2025-10-16,2025-10-16 11:13:02,000975.SZ,S,24.400,700
1418,58,2025-10-16,2025-10-16 11:13:00,002126.SZ,B,37.400,100
1419,60,2025-10-16,2025-10-16 11:13:01,000729.SZ,S,12.760,400
1420,61,2025-10-16,2025-10-16 11:12:56,000959.SZ,S,4.230,100
1421,58,2025-10-16,2025-10-16 11:12:55,002407.SZ,S,20.790,100
1422,44,2025-10-16,2025-10-16 11:12:53,300068.SZ,S,18.140,200
1423,60,2025-10-16,2025-10-16 11:12:54,001203.SZ,S,12.920,300
1424,58,2025-10-16,2025-10-16 11:12:48,002158.SZ,S,26.310,200
1425,52,2025-10-16,2025-10-16 11:12:45,601975.SH,S,3.170,800
1426,60,2025-10-16,2025-10-16 11:12:38,601857.SH,S,8.380,500
1427,44,2025-10-16,2025-10-16 11:12:32,603505.SH,S,18.290,300
1428,60,2025-10-16,2025-10-16 11:12:18,600309.SH,B,63.920,100
1429,60,2025-10-16,2025-10-16 11:12:11,600732.SH,B,17.560,800
1430,61,2025-10-16,2025-10-16 11:12:11,002045.SZ,B,17.010,300
1431,60,2025-10-16,2025-10-16 11:12:09,600036.SH,S,41.630,200
1432,62,2025-10-16,2025-10-16 11:12:08,600019.SH,S,7.160,900
1433,61,2025-10-16,2025-10-16 11:12:02,600207.SH,B,5.390,700
1434,60,2025-10-16,2025-10-16 11:12:01,301000.SZ,B,45.520,100
1435,58,2025-10-16,2025-10-16 11:11:43,688472.SH,B,13.570,200
1436,52,2025-10-16,2025-10-16 11:11:36,688472.SH,B,13.570,400
1437,59,2025-10-16,2025-10-16 11:11:38,600732.SH,B,17.550,300
1438,52,2025-10-16,2025-10-16 11:11:38,688472.SH,B,13.580,434
1439,58,2025-10-16,2025-10-16 11:11:33,300435.SZ,B,21.340,200
1440,44,2025-10-16,2025-10-16 11:11:31,002706.SZ,S,12.410,400
1441,52,2025-10-16,2025-10-16 11:11:23,688472.SH,B,13.570,200
1442,60,2025-10-16,2025-10-16 11:11:22,601328.SH,S,6.950,1300
1443,60,2025-10-16,2025-10-16 11:11:21,001337.SZ,S,30.330,100
1444,62,2025-10-16,2025-10-16 11:11:20,600019.SH,S,7.160,700
1445,62,2025-10-16,2025-10-16 11:11:17,600019.SH,S,7.160,600
1446,62,2025-10-16,2025-10-16 11:11:14,600019.SH,S,7.160,700
1447,58,2025-10-16,2025-10-16 11:11:12,002249.SZ,B,10.920,300
1448,44,2025-10-16,2025-10-16 11:11:11,600497.SH,S,6.900,500
1449,58,2025-10-16,2025-10-16 11:11:10,300357.SZ,B,30.480,200
1450,60,2025-10-16,2025-10-16 11:11:11,001337.SZ,S,30.310,100
1451,63,2025-10-16,2025-10-16 11:11:07,600031.SH,B,23.830,100
1452,63,2025-10-16,2025-10-16 11:11:06,600031.SH,B,23.830,100
1453,44,2025-10-16,2025-10-16 11:11:05,600497.SH,S,6.900,500
1454,58,2025-10-16,2025-10-16 11:11:04,688223.SH,B,5.840,1248
1455,52,2025-10-16,2025-10-16 11:09:55,688223.SH,B,5.840,897
1456,44,2025-10-16,2025-10-16 11:11:02,600338.SH,S,13.640,400
1457,44,2025-10-16,2025-10-16 11:11:00,002237.SZ,S,15.610,300
1458,44,2025-10-16,2025-10-16 11:10:58,600338.SH,S,13.640,300
1459,60,2025-10-16,2025-10-16 11:10:57,002736.SZ,S,14.250,500
1460,44,2025-10-16,2025-10-16 11:10:56,300004.SZ,B,11.620,500
1461,60,2025-10-16,2025-10-16 11:10:52,603132.SH,S,14.320,200
1462,60,2025-10-16,2025-10-16 11:10:51,601877.SH,S,30.140,100
1463,60,2025-10-16,2025-10-16 11:10:47,600362.SH,S,39.270,100
1464,58,2025-10-16,2025-10-16 11:10:28,000878.SZ,S,18.810,300
1465,62,2025-10-16,2025-10-16 11:10:21,601825.SH,S,8.760,600
1466,61,2025-10-16,2025-10-16 11:10:15,002158.SZ,S,26.260,200
1467,58,2025-10-16,2025-10-16 11:10:09,688472.SH,B,13.600,200
1468,63,2025-10-16,2025-10-16 11:10:10,601816.SH,S,5.180,100
1469,44,2025-10-16,2025-10-16 11:10:07,600312.SH,S,17.710,100
1470,62,2025-10-16,2025-10-16 11:10:06,300769.SZ,B,41.880,100
1471,60,2025-10-16,2025-10-16 11:10:06,601658.SH,B,5.720,700
1472,61,2025-10-16,2025-10-16 11:10:03,000639.SZ,S,3.090,100
1473,62,2025-10-16,2025-10-16 11:09:56,002015.SZ,B,11.240,100
1474,62,2025-10-16,2025-10-16 11:09:54,002015.SZ,B,11.240,100
1475,62,2025-10-16,2025-10-16 11:09:54,002015.SZ,B,11.240,100
1476,61,2025-10-16,2025-10-16 11:09:44,002407.SZ,S,20.810,200
1477,44,2025-10-16,2025-10-16 11:09:44,301076.SZ,S,52.930,100
1478,63,2025-10-16,2025-10-16 11:09:42,002916.SZ,S,205.380,100
1479,60,2025-10-16,2025-10-16 11:09:41,301090.SZ,S,7.500,1200
1480,61,2025-10-16,2025-10-16 11:09:40,002126.SZ,S,37.300,100
1481,58,2025-10-16,2025-10-16 11:09:39,002407.SZ,S,20.840,100
1482,52,2025-10-16,2025-10-16 11:09:38,301092.SZ,S,30.990,100
1483,63,2025-10-16,2025-10-16 11:09:34,601088.SH,B,41.940,200
1484,63,2025-10-16,2025-10-16 11:09:34,601088.SH,B,41.940,200
1485,60,2025-10-16,2025-10-16 11:09:33,601633.SH,S,23.740,100
1486,60,2025-10-16,2025-10-16 11:09:33,601633.SH,S,23.740,100
1487,58,2025-10-16,2025-10-16 11:09:32,002407.SZ,S,20.850,200
1488,61,2025-10-16,2025-10-16 11:09:31,002213.SZ,S,21.200,200
1489,60,2025-10-16,2025-10-16 11:09:31,601633.SH,S,23.740,200
1490,59,2025-10-16,2025-10-16 11:09:27,688221.SH,B,14.910,400
1491,60,2025-10-16,2025-10-16 11:09:23,601818.SH,B,3.430,900
1492,60,2025-10-16,2025-10-16 11:09:21,002407.SZ,S,20.870,600
1493,61,2025-10-16,2025-10-16 11:09:20,688335.SH,S,25.650,279
1494,60,2025-10-16,2025-10-16 11:09:19,601818.SH,B,3.430,1200
1495,62,2025-10-16,2025-10-16 11:09:17,603323.SH,B,5.240,200
1496,62,2025-10-16,2025-10-16 11:09:17,603323.SH,B,5.240,800
1497,60,2025-10-16,2025-10-16 11:09:14,000932.SZ,B,6.150,1500
1498,60,2025-10-16,2025-10-16 11:09:11,003019.SZ,S,34.020,100
1499,60,2025-10-16,2025-10-16 11:09:07,600663.SH,S,8.650,100
1500,60,2025-10-16,2025-10-16 11:09:07,600663.SH,S,8.650,100
1501,60,2025-10-16,2025-10-16 11:09:07,600663.SH,S,8.650,100
1502,60,2025-10-16,2025-10-16 11:09:07,600663.SH,S,8.650,100
1503,60,2025-10-16,2025-10-16 11:09:07,600663.SH,S,8.650,100
1504,60,2025-10-16,2025-10-16 11:09:06,601939.SH,B,9.080,400
1505,58,2025-10-16,2025-10-16 11:09:05,002249.SZ,B,10.930,300
1506,63,2025-10-16,2025-10-16 11:08:52,000878.SZ,S,18.810,500
1507,61,2025-10-16,2025-10-16 11:08:52,000878.SZ,S,18.810,500
1508,52,2025-10-16,2025-10-16 11:08:23,300218.SZ,S,17.520,100
1509,61,2025-10-16,2025-10-16 11:08:49,000878.SZ,S,18.820,300
1510,63,2025-10-16,2025-10-16 11:08:49,000878.SZ,S,18.820,400
1511,61,2025-10-16,2025-10-16 11:08:40,688221.SH,B,14.920,200
1512,61,2025-10-16,2025-10-16 11:08:40,688221.SH,B,14.920,1000
1513,60,2025-10-16,2025-10-16 11:08:38,000726.SZ,B,6.970,600
1514,62,2025-10-16,2025-10-16 11:08:35,600461.SH,S,9.100,400
1515,58,2025-10-16,2025-10-16 11:08:31,000058.SZ,B,10.610,500
1516,52,2025-10-16,2025-10-16 11:08:26,000058.SZ,B,10.610,300
1517,60,2025-10-16,2025-10-16 11:08:31,002001.SZ,S,23.990,200
1518,61,2025-10-16,2025-10-16 11:08:26,600497.SH,S,6.910,100
1519,61,2025-10-16,2025-10-16 11:08:20,002407.SZ,S,20.870,300
1520,59,2025-10-16,2025-10-16 11:08:13,002836.SZ,B,10.580,300
1521,60,2025-10-16,2025-10-16 11:08:05,603236.SH,B,101.270,100
1522,62,2025-10-16,2025-10-16 11:08:00,002048.SZ,B,33.110,300
1523,62,2025-10-16,2025-10-16 11:07:59,300769.SZ,B,42.020,100
1524,58,2025-10-16,2025-10-16 11:08:00,000878.SZ,S,18.830,500
1525,60,2025-10-16,2025-10-16 11:07:55,600104.SH,B,16.850,200
1526,60,2025-10-16,2025-10-16 11:07:55,600104.SH,B,16.850,100
1527,63,2025-10-16,2025-10-16 11:07:52,601968.SH,B,5.430,100
1528,44,2025-10-16,2025-10-16 11:07:50,688006.SH,B,33.440,300
1529,60,2025-10-16,2025-10-16 11:07:48,300068.SZ,S,18.130,500
1530,63,2025-10-16,2025-10-16 11:07:45,000878.SZ,S,18.820,200
1531,61,2025-10-16,2025-10-16 11:07:45,000878.SZ,S,18.820,200
1532,61,2025-10-16,2025-10-16 11:07:43,000878.SZ,S,18.820,100
1533,59,2025-10-16,2025-10-16 11:07:43,000878.SZ,S,18.820,100
1534,59,2025-10-16,2025-10-16 11:07:43,000878.SZ,S,18.820,200
1535,59,2025-10-16,2025-10-16 11:07:43,000878.SZ,S,18.820,200
1536,60,2025-10-16,2025-10-16 11:07:40,603132.SH,S,14.340,100
1537,44,2025-10-16,2025-10-16 11:07:38,300009.SZ,S,10.430,300
1538,58,2025-10-16,2025-10-16 11:07:37,600721.SH,S,9.140,600
1539,61,2025-10-16,2025-10-16 11:07:36,002202.SZ,B,16.120,100
1540,61,2025-10-16,2025-10-16 11:07:36,002202.SZ,B,16.120,400
1541,52,2025-10-16,2025-10-16 11:07:37,600721.SH,S,9.140,200
1542,60,2025-10-16,2025-10-16 11:07:32,002129.SZ,S,9.460,900
1543,52,2025-10-16,2025-10-16 11:05:32,688223.SH,B,5.860,1000
1544,61,2025-10-16,2025-10-16 11:07:28,000058.SZ,B,10.610,300
1545,62,2025-10-16,2025-10-16 11:07:23,300769.SZ,B,42.100,100
1546,58,2025-10-16,2025-10-16 11:07:22,002202.SZ,B,16.120,700
1547,58,2025-10-16,2025-10-16 11:07:22,002202.SZ,B,16.120,100
1548,60,2025-10-16,2025-10-16 11:07:21,300236.SZ,S,59.240,100
1549,52,2025-10-16,2025-10-16 11:07:17,002202.SZ,B,16.120,300
1550,60,2025-10-16,2025-10-16 11:07:20,002624.SZ,B,17.250,900
1551,63,2025-10-16,2025-10-16 11:07:16,002126.SZ,B,37.360,100
1552,61,2025-10-16,2025-10-16 11:07:14,002249.SZ,B,10.950,300
1553,44,2025-10-16,2025-10-16 11:07:13,002258.SZ,B,12.350,300
1554,60,2025-10-16,2025-10-16 11:07:13,002258.SZ,B,12.350,300
1555,60,2025-10-16,2025-10-16 11:07:05,600292.SH,B,12.350,100
1556,60,2025-10-16,2025-10-16 11:07:04,003019.SZ,S,34.060,100
1557,58,2025-10-16,2025-10-16 11:07:02,688108.SH,B,29.690,387
1558,60,2025-10-16,2025-10-16 11:07:02,003019.SZ,S,34.060,100
1559,62,2025-10-16,2025-10-16 11:06:57,601179.SH,S,7.470,3700
1560,59,2025-10-16,2025-10-16 11:06:53,002688.SZ,S,6.850,100
1561,61,2025-10-16,2025-10-16 11:06:52,002688.SZ,S,6.850,100
1562,61,2025-10-16,2025-10-16 11:06:52,002688.SZ,S,6.850,100
1563,58,2025-10-16,2025-10-16 11:06:50,688472.SH,B,13.630,200
1564,62,2025-10-16,2025-10-16 11:06:46,300769.SZ,B,42.090,100
1565,60,2025-10-16,2025-10-16 11:06:41,000858.SZ,S,122.110,100
1566,63,2025-10-16,2025-10-16 11:06:39,300779.SZ,B,178.070,100
1567,62,2025-10-16,2025-10-16 11:06:38,601825.SH,S,8.740,100
1568,62,2025-10-16,2025-10-16 11:06:38,601825.SH,S,8.740,300
1569,60,2025-10-16,2025-10-16 11:06:31,002299.SZ,S,17.180,100
1570,61,2025-10-16,2025-10-16 11:06:18,300490.SZ,B,13.730,200
1571,61,2025-10-16,2025-10-16 11:06:14,688472.SH,B,13.610,631
1572,58,2025-10-16,2025-10-16 11:06:14,688223.SH,B,5.870,1800
1573,63,2025-10-16,2025-10-16 11:06:12,000878.SZ,S,18.820,200
1574,61,2025-10-16,2025-10-16 11:06:12,000878.SZ,S,18.820,100
1575,63,2025-10-16,2025-10-16 11:06:12,000878.SZ,S,18.820,100
1576,61,2025-10-16,2025-10-16 11:06:12,000878.SZ,S,18.820,100
1577,63,2025-10-16,2025-10-16 11:06:11,600089.SH,S,19.950,900
1578,58,2025-10-16,2025-10-16 11:06:06,600207.SH,B,5.380,400
1579,60,2025-10-16,2025-10-16 11:06:04,002544.SZ,B,24.550,300
1580,58,2025-10-16,2025-10-16 11:06:04,600207.SH,B,5.380,100
1581,61,2025-10-16,2025-10-16 11:05:59,300490.SZ,B,13.730,100
1582,58,2025-10-16,2025-10-16 11:05:58,002121.SZ,S,9.970,600
1583,60,2025-10-16,2025-10-16 11:05:56,688180.SH,B,39.310,200
1584,61,2025-10-16,2025-10-16 11:05:56,688472.SH,B,13.620,69
1585,60,2025-10-16,2025-10-16 11:05:55,688180.SH,B,39.310,200
1586,52,2025-10-16,2025-10-16 11:05:51,688472.SH,B,13.600,600
1587,58,2025-10-16,2025-10-16 11:05:55,600207.SH,B,5.380,100
1588,61,2025-10-16,2025-10-16 11:05:55,688472.SH,B,13.620,131
1589,58,2025-10-16,2025-10-16 11:05:54,600207.SH,B,5.380,100
1590,58,2025-10-16,2025-10-16 11:05:52,600207.SH,B,5.380,100
1591,63,2025-10-16,2025-10-16 11:05:44,002202.SZ,B,16.170,100
1592,60,2025-10-16,2025-10-16 11:05:42,603486.SH,B,95.300,100
1593,59,2025-10-16,2025-10-16 11:05:41,688223.SH,B,5.870,1690
1594,63,2025-10-16,2025-10-16 11:05:39,601166.SH,B,20.290,100
1595,58,2025-10-16,2025-10-16 11:05:39,688221.SH,B,14.880,1917
1596,59,2025-10-16,2025-10-16 11:05:38,688223.SH,B,5.870,921
1597,60,2025-10-16,2025-10-16 11:05:37,600660.SH,B,66.860,100
1598,60,2025-10-16,2025-10-16 11:05:37,600104.SH,B,16.850,200
1599,60,2025-10-16,2025-10-16 11:05:30,601857.SH,S,8.390,400
1600,58,2025-10-16,2025-10-16 11:05:28,002407.SZ,S,20.830,200
1601,58,2025-10-16,2025-10-16 11:05:28,002407.SZ,S,20.830,200
1602,60,2025-10-16,2025-10-16 11:05:26,002258.SZ,B,12.350,200
1603,60,2025-10-16,2025-10-16 11:05:26,601857.SH,S,8.390,400
1604,60,2025-10-16,2025-10-16 11:05:26,002258.SZ,B,12.350,100
1605,44,2025-10-16,2025-10-16 11:05:25,002258.SZ,B,12.350,300
1606,63,2025-10-16,2025-10-16 11:05:24,600438.SH,B,24.770,300
1607,60,2025-10-16,2025-10-16 11:05:23,601857.SH,S,8.390,400
1608,44,2025-10-16,2025-10-16 11:05:23,600894.SH,B,10.070,100
1609,60,2025-10-16,2025-10-16 11:05:20,601857.SH,S,8.390,400
1610,60,2025-10-16,2025-10-16 11:05:19,601288.SH,S,7.350,1900
1611,58,2025-10-16,2025-10-16 11:05:14,600415.SH,B,19.910,100
1612,58,2025-10-16,2025-10-16 11:05:14,600415.SH,B,19.910,100
1613,62,2025-10-16,2025-10-16 11:05:13,300790.SZ,B,30.750,200
1614,62,2025-10-16,2025-10-16 11:05:13,300790.SZ,B,30.750,100
1615,58,2025-10-16,2025-10-16 11:05:12,002126.SZ,B,37.330,100
1616,58,2025-10-16,2025-10-16 11:05:12,300650.SZ,S,17.680,100
1617,60,2025-10-16,2025-10-16 11:05:08,600887.SH,S,27.850,300
1618,61,2025-10-16,2025-10-16 11:05:06,600721.SH,S,9.140,800
1619,59,2025-10-16,2025-10-16 11:05:06,600721.SH,S,9.140,300
1620,52,2025-10-16,2025-10-16 11:05:02,601319.SH,S,8.540,200
1621,60,2025-10-16,2025-10-16 11:04:59,601009.SH,S,11.640,400
1622,63,2025-10-16,2025-10-16 11:04:59,688335.SH,S,25.400,301
1623,61,2025-10-16,2025-10-16 11:04:59,688335.SH,S,25.400,200
1624,60,2025-10-16,2025-10-16 11:04:58,002318.SZ,S,26.040,200
1625,58,2025-10-16,2025-10-16 11:04:38,002158.SZ,S,26.350,300
1626,59,2025-10-16,2025-10-16 11:04:38,000058.SZ,B,10.620,600
1627,62,2025-10-16,2025-10-16 11:04:32,600985.SH,B,13.250,100
1628,62,2025-10-16,2025-10-16 11:04:32,600985.SH,B,13.250,700
1629,63,2025-10-16,2025-10-16 11:04:30,601668.SH,B,5.620,200
1630,52,2025-10-16,2025-10-16 11:04:31,002126.SZ,S,37.330,200
1631,61,2025-10-16,2025-10-16 11:04:28,002506.SZ,S,2.560,100
1632,60,2025-10-16,2025-10-16 11:04:23,600029.SH,B,6.320,900
1633,61,2025-10-16,2025-10-16 11:04:19,000931.SZ,S,5.290,700
1634,59,2025-10-16,2025-10-16 11:04:19,000931.SZ,S,5.290,300
1635,62,2025-10-16,2025-10-16 11:04:16,300304.SZ,B,13.020,500
1636,60,2025-10-16,2025-10-16 11:04:15,002416.SZ,S,12.440,600
