,fund_id,trade_dt,trade_time,s_info_windcode,direction,price,qty
0,44,2025-09-16,2025-09-16 14:48:45,300602.SZ,S,30.710,300
1,60,2025-09-16,2025-09-16 14:48:45,300602.SZ,S,30.720,200
2,44,2025-09-16,2025-09-16 14:48:42,300059.SZ,S,27.650,100
3,44,2025-09-16,2025-09-16 14:48:39,000657.SZ,S,18.510,200
4,44,2025-09-16,2025-09-16 14:48:38,603166.SH,S,17.780,100
5,60,2025-09-16,2025-09-16 14:48:36,300475.SZ,S,75.030,100
6,44,2025-09-16,2025-09-16 14:48:33,600761.SH,S,21.880,100
7,60,2025-09-16,2025-09-16 14:42:40,002241.SZ,S,33.370,100
8,44,2025-09-16,2025-09-16 14:38:13,300068.SZ,B,19.640,100
9,44,2025-09-16,2025-09-16 14:37:13,000960.SZ,B,21.480,100
10,60,2025-09-16,2025-09-16 14:37:13,000960.SZ,B,21.480,3600
11,44,2025-09-16,2025-09-16 14:37:10,002517.SZ,B,25.880,200
12,60,2025-09-16,2025-09-16 14:37:03,600030.SH,B,29.280,200
13,60,2025-09-16,2025-09-16 14:36:28,603019.SH,S,109.810,200
14,60,2025-09-16,2025-09-16 14:36:28,603019.SH,S,109.810,200
15,60,2025-09-16,2025-09-16 14:36:28,603019.SH,S,109.810,100
16,60,2025-09-16,2025-09-16 14:36:26,603019.SH,S,109.850,100
17,60,2025-09-16,2025-09-16 14:36:26,603019.SH,S,109.850,200
18,60,2025-09-16,2025-09-16 14:36:25,603019.SH,S,109.850,100
19,60,2025-09-16,2025-09-16 14:35:17,301200.SZ,B,115.060,300
20,44,2025-09-16,2025-09-16 14:32:55,688185.SH,S,83.050,200
21,44,2025-09-16,2025-09-16 14:32:17,300602.SZ,B,30.670,300
22,60,2025-09-16,2025-09-16 14:31:56,002475.SZ,S,52.360,700
23,44,2025-09-16,2025-09-16 14:31:42,000657.SZ,B,18.410,100
24,44,2025-09-16,2025-09-16 14:31:38,002734.SZ,B,19.520,100
25,44,2025-09-16,2025-09-16 14:30:53,300695.SZ,S,104.960,25
26,44,2025-09-16,2025-09-16 14:30:53,300695.SZ,S,104.960,75
27,44,2025-09-16,2025-09-16 14:30:51,603712.SH,S,20.990,100
28,44,2025-09-16,2025-09-16 14:30:39,600475.SH,S,17.060,300
29,60,2025-09-16,2025-09-16 14:30:39,600475.SH,S,17.060,300
30,60,2025-09-16,2025-09-16 14:30:23,002475.SZ,B,52.260,100
31,60,2025-09-16,2025-09-16 14:30:08,600030.SH,S,29.260,200
32,60,2025-09-16,2025-09-16 14:29:52,002475.SZ,B,52.260,600
33,44,2025-09-16,2025-09-16 14:29:46,002734.SZ,S,19.580,100
34,44,2025-09-16,2025-09-16 14:29:30,002734.SZ,S,19.580,300
35,60,2025-09-16,2025-09-16 14:29:26,300475.SZ,S,75.000,300
36,44,2025-09-16,2025-09-16 14:29:15,300068.SZ,S,19.560,100
37,44,2025-09-16,2025-09-16 14:29:11,300815.SZ,S,28.500,300
38,51,2025-09-16,2025-09-16 14:28:32,002259.SZ,S,4.220,100
39,61,2025-09-16,2025-09-16 14:28:20,000062.SZ,B,30.330,200
40,61,2025-09-16,2025-09-16 14:28:19,300658.SZ,S,8.920,400
41,51,2025-09-16,2025-09-16 14:28:16,002431.SZ,S,2.800,100
42,51,2025-09-16,2025-09-16 14:28:16,300027.SZ,B,2.920,400
43,58,2025-09-16,2025-09-16 14:28:01,002125.SZ,B,14.540,700
44,44,2025-09-16,2025-09-16 14:28:00,300059.SZ,B,27.600,100
45,44,2025-09-16,2025-09-16 14:28:00,600475.SH,B,16.990,100
46,58,2025-09-16,2025-09-16 14:28:00,603863.SH,S,21.610,600
47,52,2025-09-16,2025-09-16 14:27:59,002125.SZ,B,14.540,300
48,58,2025-09-16,2025-09-16 14:27:58,002125.SZ,B,14.540,300
49,58,2025-09-16,2025-09-16 14:27:56,000892.SZ,S,5.780,100
50,59,2025-09-16,2025-09-16 14:27:55,300045.SZ,B,23.930,900
51,52,2025-09-16,2025-09-16 14:27:55,002125.SZ,B,14.540,300
52,58,2025-09-16,2025-09-16 14:27:55,002317.SZ,B,20.180,300
53,44,2025-09-16,2025-09-16 14:27:53,002149.SZ,S,17.240,100
54,59,2025-09-16,2025-09-16 14:27:52,605577.SH,S,14.670,100
55,60,2025-09-16,2025-09-16 14:27:50,603019.SH,B,110.410,100
56,44,2025-09-16,2025-09-16 14:27:48,600475.SH,B,16.980,100
57,44,2025-09-16,2025-09-16 14:27:48,002734.SZ,B,19.600,600
58,60,2025-09-16,2025-09-16 14:27:48,600475.SH,B,16.980,300
59,49,2025-09-16,2025-09-16 14:27:43,601919.SH,B,14.910,100
60,61,2025-09-16,2025-09-16 14:27:37,600961.SH,B,15.130,200
61,59,2025-09-16,2025-09-16 14:27:21,600206.SH,B,21.450,200
62,61,2025-09-16,2025-09-16 14:27:21,600206.SH,B,21.450,600
63,49,2025-09-16,2025-09-16 14:27:21,600206.SH,B,21.450,100
64,58,2025-09-16,2025-09-16 14:26:46,300658.SZ,S,8.930,1500
65,52,2025-09-16,2025-09-16 14:26:08,300658.SZ,S,8.930,400
66,52,2025-09-16,2025-09-16 14:26:08,300658.SZ,S,8.930,200
67,58,2025-09-16,2025-09-16 14:26:30,600967.SH,S,19.340,193
68,58,2025-09-16,2025-09-16 14:26:30,600967.SH,S,19.340,7
69,59,2025-09-16,2025-09-16 14:26:26,603863.SH,S,21.590,200
70,61,2025-09-16,2025-09-16 14:26:26,603863.SH,S,21.590,200
71,60,2025-09-16,2025-09-16 14:25:48,301345.SZ,S,207.560,100
72,49,2025-09-16,2025-09-16 14:25:44,000877.SZ,S,6.510,100
73,59,2025-09-16,2025-09-16 14:25:44,000877.SZ,S,6.510,500
74,49,2025-09-16,2025-09-16 14:25:44,000877.SZ,S,6.510,400
75,61,2025-09-16,2025-09-16 14:25:44,000877.SZ,S,6.510,100
76,61,2025-09-16,2025-09-16 14:25:41,000877.SZ,S,6.510,1600
77,61,2025-09-16,2025-09-16 14:25:41,000877.SZ,S,6.510,600
78,58,2025-09-16,2025-09-16 14:25:36,600206.SH,B,21.440,400
79,61,2025-09-16,2025-09-16 14:25:33,300600.SZ,B,16.170,200
80,60,2025-09-16,2025-09-16 14:25:31,601138.SH,B,59.640,100
81,58,2025-09-16,2025-09-16 14:25:27,002125.SZ,B,14.540,300
82,59,2025-09-16,2025-09-16 14:25:24,301216.SZ,B,20.280,200
83,49,2025-09-16,2025-09-16 14:25:24,301216.SZ,B,20.280,100
84,61,2025-09-16,2025-09-16 14:25:24,301216.SZ,B,20.280,400
85,58,2025-09-16,2025-09-16 14:25:23,603103.SH,B,18.140,300
86,58,2025-09-16,2025-09-16 14:25:16,603922.SH,S,22.220,100
87,58,2025-09-16,2025-09-16 14:25:00,002317.SZ,B,20.180,300
88,44,2025-09-16,2025-09-16 14:24:47,002734.SZ,S,19.610,400
89,44,2025-09-16,2025-09-16 14:24:43,002734.SZ,S,19.630,200
90,58,2025-09-16,2025-09-16 14:24:40,603067.SH,S,17.610,200
91,58,2025-09-16,2025-09-16 14:24:32,002317.SZ,B,20.180,200
92,59,2025-09-16,2025-09-16 14:24:32,603103.SH,B,18.140,400
93,59,2025-09-16,2025-09-16 14:24:31,002317.SZ,B,20.180,400
94,61,2025-09-16,2025-09-16 14:24:31,603103.SH,B,18.140,200
95,61,2025-09-16,2025-09-16 14:24:31,002317.SZ,B,20.180,200
96,49,2025-09-16,2025-09-16 14:24:31,603103.SH,B,18.140,100
97,61,2025-09-16,2025-09-16 14:24:31,603103.SH,B,18.140,200
98,58,2025-09-16,2025-09-16 14:24:24,605577.SH,S,14.690,100
99,51,2025-09-16,2025-09-16 14:24:23,000659.SZ,S,3.020,600
100,52,2025-09-16,2025-09-16 14:23:54,000659.SZ,S,3.020,200
101,61,2025-09-16,2025-09-16 14:24:08,300347.SZ,B,60.740,200
102,44,2025-09-16,2025-09-16 14:24:05,301285.SZ,S,49.740,100
103,58,2025-09-16,2025-09-16 14:24:02,300658.SZ,S,8.930,2200
104,61,2025-09-16,2025-09-16 14:24:01,300740.SZ,S,22.430,100
105,58,2025-09-16,2025-09-16 14:23:57,000877.SZ,S,6.510,2500
106,44,2025-09-16,2025-09-16 14:23:55,002517.SZ,S,25.950,200
107,51,2025-09-16,2025-09-16 14:23:55,000877.SZ,S,6.500,500
108,51,2025-09-16,2025-09-16 14:23:54,002475.SZ,S,52.520,100
109,52,2025-09-16,2025-09-16 14:23:47,000826.SZ,S,2.310,400
110,61,2025-09-16,2025-09-16 14:23:41,603067.SH,S,17.620,100
111,52,2025-09-16,2025-09-16 14:22:36,600961.SH,B,15.140,1900
112,61,2025-09-16,2025-09-16 14:23:39,600869.SH,S,7.310,700
113,60,2025-09-16,2025-09-16 14:23:36,601138.SH,S,59.730,100
114,61,2025-09-16,2025-09-16 14:23:32,002125.SZ,B,14.530,800
115,44,2025-09-16,2025-09-16 14:23:29,301099.SZ,S,41.000,100
116,60,2025-09-16,2025-09-16 14:23:24,002384.SZ,B,80.000,100
117,60,2025-09-16,2025-09-16 14:23:24,002384.SZ,B,80.000,500
118,60,2025-09-16,2025-09-16 14:23:18,002384.SZ,B,80.000,600
119,49,2025-09-16,2025-09-16 14:23:13,002317.SZ,B,20.200,100
120,61,2025-09-16,2025-09-16 14:23:02,301568.SZ,B,50.900,100
121,61,2025-09-16,2025-09-16 14:22:56,603366.SH,S,10.170,100
122,61,2025-09-16,2025-09-16 14:22:54,603861.SH,S,11.130,200
123,60,2025-09-16,2025-09-16 14:22:49,002384.SZ,S,79.920,600
124,60,2025-09-16,2025-09-16 14:22:46,603019.SH,B,111.120,100
125,60,2025-09-16,2025-09-16 14:22:45,600418.SH,B,56.400,300
126,60,2025-09-16,2025-09-16 14:22:42,002384.SZ,S,79.920,50
127,60,2025-09-16,2025-09-16 14:22:42,603019.SH,B,111.020,300
128,60,2025-09-16,2025-09-16 14:22:42,002384.SZ,S,79.920,50
129,58,2025-09-16,2025-09-16 14:22:40,603861.SH,S,11.130,200
130,49,2025-09-16,2025-09-16 14:22:40,600961.SH,B,15.150,100
131,61,2025-09-16,2025-09-16 14:22:40,600513.SH,B,21.580,100
132,49,2025-09-16,2025-09-16 14:22:40,600961.SH,B,15.150,100
133,61,2025-09-16,2025-09-16 14:22:40,600513.SH,B,21.580,300
134,58,2025-09-16,2025-09-16 14:22:39,600961.SH,B,15.150,1900
135,58,2025-09-16,2025-09-16 14:22:39,600961.SH,B,15.150,300
136,58,2025-09-16,2025-09-16 14:22:39,600961.SH,B,15.150,200
137,58,2025-09-16,2025-09-16 14:22:39,600961.SH,B,15.150,300
138,58,2025-09-16,2025-09-16 14:22:39,600961.SH,B,15.150,400
139,58,2025-09-16,2025-09-16 14:22:39,600961.SH,B,15.150,100
140,60,2025-09-16,2025-09-16 14:22:38,603019.SH,B,111.000,100
141,60,2025-09-16,2025-09-16 14:22:38,603019.SH,B,111.000,200
142,60,2025-09-16,2025-09-16 14:22:38,002384.SZ,S,79.950,500
143,60,2025-09-16,2025-09-16 14:22:38,603019.SH,B,111.000,100
144,59,2025-09-16,2025-09-16 14:22:28,600961.SH,B,15.140,400
145,61,2025-09-16,2025-09-16 14:22:28,600961.SH,B,15.140,500
146,61,2025-09-16,2025-09-16 14:22:18,002431.SZ,S,2.810,12000
147,49,2025-09-16,2025-09-16 14:22:18,002431.SZ,S,2.810,2300
148,59,2025-09-16,2025-09-16 14:22:16,002431.SZ,S,2.810,4300
149,59,2025-09-16,2025-09-16 14:22:12,603922.SH,S,22.220,100
150,49,2025-09-16,2025-09-16 14:22:13,603922.SH,S,22.220,100
151,61,2025-09-16,2025-09-16 14:22:13,603922.SH,S,22.220,100
152,44,2025-09-16,2025-09-16 14:22:00,300815.SZ,B,28.510,100
153,61,2025-09-16,2025-09-16 14:21:58,688141.SH,B,51.640,400
154,51,2025-09-16,2025-09-16 14:21:59,002129.SZ,B,8.410,400
155,61,2025-09-16,2025-09-16 14:21:54,002657.SZ,B,35.540,200
156,61,2025-09-16,2025-09-16 14:21:54,002657.SZ,B,35.540,200
157,61,2025-09-16,2025-09-16 14:21:51,301568.SZ,B,50.850,100
158,58,2025-09-16,2025-09-16 14:21:48,603366.SH,S,10.160,100
159,59,2025-09-16,2025-09-16 14:21:47,300658.SZ,S,8.950,2600
160,52,2025-09-16,2025-09-16 14:21:47,002125.SZ,B,14.510,300
161,61,2025-09-16,2025-09-16 14:21:48,600961.SH,B,15.140,200
162,61,2025-09-16,2025-09-16 14:21:47,300658.SZ,S,8.950,6700
163,49,2025-09-16,2025-09-16 14:21:47,300658.SZ,S,8.950,1300
164,58,2025-09-16,2025-09-16 14:21:47,002125.SZ,B,14.510,300
165,44,2025-09-16,2025-09-16 14:21:45,300068.SZ,B,19.560,100
166,58,2025-09-16,2025-09-16 14:21:41,301216.SZ,B,20.300,400
167,44,2025-09-16,2025-09-16 14:21:38,603193.SH,S,29.010,100
168,44,2025-09-16,2025-09-16 14:21:35,301285.SZ,B,49.990,100
169,58,2025-09-16,2025-09-16 14:21:23,600967.SH,S,19.370,300
170,59,2025-09-16,2025-09-16 14:21:22,002534.SZ,B,15.370,100
171,52,2025-09-16,2025-09-16 14:20:03,000877.SZ,S,6.510,900
172,59,2025-09-16,2025-09-16 14:21:19,002534.SZ,B,15.370,100
173,49,2025-09-16,2025-09-16 14:21:19,002534.SZ,B,15.370,100
174,52,2025-09-16,2025-09-16 14:21:18,603863.SH,S,21.610,100
175,44,2025-09-16,2025-09-16 14:21:17,603193.SH,B,28.970,100
176,61,2025-09-16,2025-09-16 14:21:11,002534.SZ,B,15.380,200
177,49,2025-09-16,2025-09-16 14:21:09,601658.SH,B,6.170,100
178,51,2025-09-16,2025-09-16 14:21:08,300098.SZ,B,6.230,400
179,44,2025-09-16,2025-09-16 14:21:05,300548.SZ,B,116.870,100
180,58,2025-09-16,2025-09-16 14:21:02,301568.SZ,B,50.710,100
181,58,2025-09-16,2025-09-16 14:21:02,301568.SZ,B,50.710,100
182,58,2025-09-16,2025-09-16 14:21:02,301568.SZ,B,50.710,100
183,58,2025-09-16,2025-09-16 14:21:02,301568.SZ,B,50.710,100
184,58,2025-09-16,2025-09-16 14:21:02,301568.SZ,B,50.710,100
185,58,2025-09-16,2025-09-16 14:21:02,301568.SZ,B,50.710,100
186,58,2025-09-16,2025-09-16 14:21:02,301568.SZ,B,50.710,100
187,58,2025-09-16,2025-09-16 14:21:02,301568.SZ,B,50.710,100
188,58,2025-09-16,2025-09-16 14:20:58,600967.SH,S,19.370,200
189,59,2025-09-16,2025-09-16 14:20:51,603121.SH,S,18.400,100
190,58,2025-09-16,2025-09-16 14:20:42,300740.SZ,S,22.460,100
191,60,2025-09-16,2025-09-16 14:20:42,301200.SZ,S,114.800,300
192,51,2025-09-16,2025-09-16 14:20:41,000750.SZ,S,4.860,800
193,61,2025-09-16,2025-09-16 14:20:37,603121.SH,S,18.410,100
194,49,2025-09-16,2025-09-16 14:20:37,603121.SH,S,18.410,100
195,61,2025-09-16,2025-09-16 14:20:30,002169.SZ,B,7.280,100
196,61,2025-09-16,2025-09-16 14:20:30,002169.SZ,B,7.280,100
197,51,2025-09-16,2025-09-16 14:20:32,300251.SZ,S,19.210,100
198,52,2025-09-16,2025-09-16 14:19:24,300658.SZ,S,8.950,1000
199,60,2025-09-16,2025-09-16 14:20:27,301200.SZ,S,114.740,100
200,60,2025-09-16,2025-09-16 14:20:27,301200.SZ,S,114.740,100
201,60,2025-09-16,2025-09-16 14:20:27,301200.SZ,S,114.740,100
202,61,2025-09-16,2025-09-16 14:20:21,000959.SZ,B,4.500,200
203,52,2025-09-16,2025-09-16 14:20:15,002734.SZ,S,19.520,100
204,58,2025-09-16,2025-09-16 14:19:56,603121.SH,S,18.390,100
205,60,2025-09-16,2025-09-16 14:19:52,002241.SZ,B,33.450,100
206,51,2025-09-16,2025-09-16 14:19:48,000826.SZ,S,2.310,2000
207,59,2025-09-16,2025-09-16 14:19:39,300850.SZ,B,35.480,100
208,59,2025-09-16,2025-09-16 14:19:39,300850.SZ,B,35.480,100
209,44,2025-09-16,2025-09-16 14:19:32,300695.SZ,B,104.000,100
210,51,2025-09-16,2025-09-16 14:19:04,603861.SH,S,11.130,500
211,44,2025-09-16,2025-09-16 14:19:02,300430.SZ,S,21.930,100
212,51,2025-09-16,2025-09-16 14:19:02,301176.SZ,S,29.330,100
213,58,2025-09-16,2025-09-16 14:18:52,301216.SZ,B,20.330,400
214,44,2025-09-16,2025-09-16 14:18:51,002734.SZ,B,19.470,200
215,44,2025-09-16,2025-09-16 14:18:45,002734.SZ,B,19.420,100
216,44,2025-09-16,2025-09-16 14:18:40,603019.SH,S,111.010,100
217,58,2025-09-16,2025-09-16 14:18:40,300581.SZ,S,17.230,400
218,60,2025-09-16,2025-09-16 14:18:40,603019.SH,S,111.010,100
219,44,2025-09-16,2025-09-16 14:18:28,300679.SZ,B,56.700,100
220,49,2025-09-16,2025-09-16 14:18:13,600744.SH,S,6.640,100
221,60,2025-09-16,2025-09-16 14:18:05,002384.SZ,B,79.600,600
222,44,2025-09-16,2025-09-16 14:18:03,300548.SZ,S,117.370,100
223,58,2025-09-16,2025-09-16 14:18:02,003019.SZ,S,42.790,100
224,44,2025-09-16,2025-09-16 14:17:58,301099.SZ,B,40.950,100
225,59,2025-09-16,2025-09-16 14:17:55,002271.SZ,S,12.440,100
226,59,2025-09-16,2025-09-16 14:17:54,600513.SH,S,21.590,200
227,44,2025-09-16,2025-09-16 14:17:53,002734.SZ,S,19.400,300
228,51,2025-09-16,2025-09-16 14:17:53,000877.SZ,S,6.510,1000
229,44,2025-09-16,2025-09-16 14:17:48,603109.SH,S,31.770,200
230,59,2025-09-16,2025-09-16 14:17:42,002389.SZ,B,21.410,200
231,49,2025-09-16,2025-09-16 14:17:36,002125.SZ,B,14.520,200
232,44,2025-09-16,2025-09-16 14:17:35,300679.SZ,S,56.800,100
233,44,2025-09-16,2025-09-16 14:17:35,000997.SZ,S,28.280,100
234,51,2025-09-16,2025-09-16 14:17:30,601696.SH,B,15.360,400
235,59,2025-09-16,2025-09-16 14:17:27,600869.SH,S,7.380,600
236,61,2025-09-16,2025-09-16 14:17:27,600869.SH,S,7.380,900
237,49,2025-09-16,2025-09-16 14:17:27,600869.SH,S,7.380,300
238,60,2025-09-16,2025-09-16 14:17:24,300602.SZ,B,30.880,100
239,60,2025-09-16,2025-09-16 14:17:24,300602.SZ,B,30.880,100
240,44,2025-09-16,2025-09-16 14:17:20,002734.SZ,B,19.360,300
241,59,2025-09-16,2025-09-16 14:17:17,002125.SZ,B,14.520,700
242,58,2025-09-16,2025-09-16 14:17:12,300658.SZ,S,8.960,3000
243,52,2025-09-16,2025-09-16 14:16:53,000750.SZ,S,4.860,200
244,44,2025-09-16,2025-09-16 14:17:07,300679.SZ,S,56.670,100
245,51,2025-09-16,2025-09-16 14:17:08,601336.SH,B,61.600,400
246,58,2025-09-16,2025-09-16 14:17:03,603103.SH,B,18.170,500
247,58,2025-09-16,2025-09-16 14:17:00,002431.SZ,S,2.810,9900
248,58,2025-09-16,2025-09-16 14:17:00,002431.SZ,S,2.810,1400
249,52,2025-09-16,2025-09-16 14:16:17,002431.SZ,S,2.810,2600
250,44,2025-09-16,2025-09-16 14:16:54,300679.SZ,B,56.480,100
251,60,2025-09-16,2025-09-16 14:16:54,002384.SZ,S,79.730,100
252,60,2025-09-16,2025-09-16 14:16:49,002384.SZ,S,79.770,200
253,58,2025-09-16,2025-09-16 14:16:47,600206.SH,B,21.460,400
254,52,2025-09-16,2025-09-16 14:16:24,600869.SH,S,7.300,400
255,60,2025-09-16,2025-09-16 14:16:41,002384.SZ,S,79.790,100
256,60,2025-09-16,2025-09-16 14:16:41,002384.SZ,S,79.790,200
257,58,2025-09-16,2025-09-16 14:16:38,600869.SH,S,7.290,1500
258,58,2025-09-16,2025-09-16 14:16:34,600513.SH,S,21.600,100
259,52,2025-09-16,2025-09-16 14:16:32,600513.SH,S,21.600,100
260,52,2025-09-16,2025-09-16 14:16:32,600513.SH,S,21.600,100
261,51,2025-09-16,2025-09-16 14:16:29,600869.SH,S,7.290,500
262,44,2025-09-16,2025-09-16 14:16:26,603063.SH,S,33.600,100
263,44,2025-09-16,2025-09-16 14:15:59,300815.SZ,B,28.550,200
264,60,2025-09-16,2025-09-16 14:15:59,301200.SZ,S,115.380,100
265,44,2025-09-16,2025-09-16 14:15:53,603166.SH,B,17.940,100
266,44,2025-09-16,2025-09-16 14:15:45,600761.SH,B,21.740,100
267,44,2025-09-16,2025-09-16 14:15:42,600475.SH,B,16.980,100
268,44,2025-09-16,2025-09-16 14:15:01,300679.SZ,S,56.480,100
269,44,2025-09-16,2025-09-16 14:14:58,300680.SZ,S,62.080,100
270,44,2025-09-16,2025-09-16 14:14:57,300815.SZ,B,28.510,300
271,44,2025-09-16,2025-09-16 14:14:54,002517.SZ,S,26.070,100
272,44,2025-09-16,2025-09-16 14:14:54,002517.SZ,S,26.070,100
273,44,2025-09-16,2025-09-16 14:14:52,300695.SZ,S,103.460,100
274,60,2025-09-16,2025-09-16 14:14:38,002384.SZ,S,79.340,400
275,44,2025-09-16,2025-09-16 14:14:18,300680.SZ,B,62.020,100
276,61,2025-09-16,2025-09-16 14:13:32,002534.SZ,B,15.390,100
277,61,2025-09-16,2025-09-16 14:13:32,002534.SZ,B,15.380,200
278,59,2025-09-16,2025-09-16 14:13:30,000826.SZ,S,2.290,2200
279,61,2025-09-16,2025-09-16 14:13:30,300581.SZ,B,17.230,300
280,61,2025-09-16,2025-09-16 14:13:30,000826.SZ,S,2.290,5800
281,61,2025-09-16,2025-09-16 14:13:30,300850.SZ,B,35.480,100
282,61,2025-09-16,2025-09-16 14:13:30,000826.SZ,S,2.290,300
283,49,2025-09-16,2025-09-16 14:13:30,000826.SZ,S,2.290,1100
284,51,2025-09-16,2025-09-16 14:13:32,000826.SZ,S,2.290,400
285,44,2025-09-16,2025-09-16 14:13:14,300695.SZ,B,103.090,100
286,61,2025-09-16,2025-09-16 14:13:12,002389.SZ,B,21.410,200
287,44,2025-09-16,2025-09-16 14:13:09,000997.SZ,B,28.120,100
288,52,2025-09-16,2025-09-16 14:13:07,601975.SH,S,3.260,100
289,44,2025-09-16,2025-09-16 14:13:05,603019.SH,B,110.690,100
290,60,2025-09-16,2025-09-16 14:13:04,603019.SH,B,110.650,100
291,61,2025-09-16,2025-09-16 14:12:55,603360.SH,B,24.940,200
292,60,2025-09-16,2025-09-16 14:12:52,301200.SZ,B,115.000,100
293,58,2025-09-16,2025-09-16 14:12:48,600333.SH,S,5.720,1700
294,60,2025-09-16,2025-09-16 14:12:49,301200.SZ,B,115.000,300
295,61,2025-09-16,2025-09-16 14:12:39,601138.SH,S,59.500,100
296,44,2025-09-16,2025-09-16 14:12:36,300432.SZ,B,15.880,100
297,51,2025-09-16,2025-09-16 14:12:35,600367.SH,B,17.600,300
298,51,2025-09-16,2025-09-16 14:12:33,601138.SH,S,59.490,100
299,60,2025-09-16,2025-09-16 14:12:31,300394.SZ,B,177.040,100
300,60,2025-09-16,2025-09-16 14:12:19,600418.SH,S,56.300,100
301,60,2025-09-16,2025-09-16 14:12:19,600418.SH,S,56.300,100
302,44,2025-09-16,2025-09-16 14:12:17,300679.SZ,B,55.680,100
303,60,2025-09-16,2025-09-16 14:12:16,000960.SZ,S,21.400,1300
304,58,2025-09-16,2025-09-16 14:12:11,605577.SH,S,14.700,100
305,61,2025-09-16,2025-09-16 14:12:11,605577.SH,S,14.690,100
306,52,2025-09-16,2025-09-16 14:09:32,605577.SH,S,14.700,100
307,61,2025-09-16,2025-09-16 14:12:10,300347.SZ,B,60.850,100
308,58,2025-09-16,2025-09-16 14:12:05,600748.SH,S,4.540,800
309,58,2025-09-16,2025-09-16 14:12:05,600748.SH,S,4.540,100
310,60,2025-09-16,2025-09-16 14:12:05,600418.SH,S,56.320,100
311,52,2025-09-16,2025-09-16 14:12:01,600333.SH,S,5.720,400
312,61,2025-09-16,2025-09-16 14:11:53,300850.SZ,B,35.490,200
313,49,2025-09-16,2025-09-16 14:11:50,601919.SH,S,14.900,100
314,59,2025-09-16,2025-09-16 14:11:38,002397.SZ,S,3.870,500
315,59,2025-09-16,2025-09-16 14:11:38,002397.SZ,S,3.870,100
316,49,2025-09-16,2025-09-16 14:11:38,002397.SZ,S,3.870,200
317,61,2025-09-16,2025-09-16 14:11:38,002397.SZ,S,3.870,100
318,61,2025-09-16,2025-09-16 14:11:38,002397.SZ,S,3.870,1400
319,49,2025-09-16,2025-09-16 14:11:38,002397.SZ,S,3.870,100
320,61,2025-09-16,2025-09-16 14:11:38,002397.SZ,S,3.870,300
321,61,2025-09-16,2025-09-16 14:11:25,603360.SH,B,24.930,200
322,61,2025-09-16,2025-09-16 14:11:22,600367.SH,B,17.630,500
323,44,2025-09-16,2025-09-16 14:11:14,300068.SZ,S,19.590,100
324,61,2025-09-16,2025-09-16 14:11:11,603688.SH,B,37.810,100
325,44,2025-09-16,2025-09-16 14:11:02,603337.SH,B,50.520,100
326,44,2025-09-16,2025-09-16 14:10:58,002384.SZ,S,79.110,100
327,60,2025-09-16,2025-09-16 14:10:58,002384.SZ,S,79.110,100
328,58,2025-09-16,2025-09-16 14:10:57,300438.SZ,S,32.850,100
329,60,2025-09-16,2025-09-16 14:10:58,002384.SZ,S,79.110,100
330,49,2025-09-16,2025-09-16 14:10:56,600063.SH,S,5.880,100
331,49,2025-09-16,2025-09-16 14:10:53,600658.SH,S,6.200,100
332,58,2025-09-16,2025-09-16 14:10:51,000826.SZ,S,2.300,5600
333,52,2025-09-16,2025-09-16 14:10:49,000826.SZ,S,2.300,1500
334,61,2025-09-16,2025-09-16 14:10:49,300438.SZ,S,32.850,300
335,61,2025-09-16,2025-09-16 14:10:49,300438.SZ,S,32.850,200
336,51,2025-09-16,2025-09-16 14:10:44,000926.SZ,S,2.910,1600
337,58,2025-09-16,2025-09-16 14:10:34,002402.SZ,S,38.970,100
338,61,2025-09-16,2025-09-16 14:10:32,002402.SZ,S,38.980,100
339,58,2025-09-16,2025-09-16 14:10:21,600967.SH,B,19.360,1600
340,44,2025-09-16,2025-09-16 14:10:21,300680.SZ,B,61.900,100
341,52,2025-09-16,2025-09-16 14:10:20,600967.SH,B,19.360,700
342,44,2025-09-16,2025-09-16 14:10:19,301029.SZ,S,30.450,100
343,59,2025-09-16,2025-09-16 14:10:07,301216.SZ,B,20.280,200
344,58,2025-09-16,2025-09-16 14:09:46,603922.SH,S,22.200,100
345,61,2025-09-16,2025-09-16 14:09:45,603103.SH,B,18.190,500
346,58,2025-09-16,2025-09-16 14:09:35,603698.SH,S,20.100,300
347,58,2025-09-16,2025-09-16 14:09:35,603698.SH,S,20.100,100
348,58,2025-09-16,2025-09-16 14:09:24,000926.SZ,S,2.910,2700
349,52,2025-09-16,2025-09-16 14:07:55,000926.SZ,S,2.910,700
350,44,2025-09-16,2025-09-16 14:09:23,300679.SZ,S,55.320,100
351,61,2025-09-16,2025-09-16 14:09:15,600513.SH,B,21.520,200
352,44,2025-09-16,2025-09-16 14:09:12,300436.SZ,B,116.880,100
353,61,2025-09-16,2025-09-16 14:09:10,603067.SH,B,17.640,300
354,58,2025-09-16,2025-09-16 14:09:09,002150.SZ,B,15.420,500
355,58,2025-09-16,2025-09-16 14:09:08,002150.SZ,B,15.420,400
356,58,2025-09-16,2025-09-16 14:09:07,603688.SH,B,37.810,400
357,59,2025-09-16,2025-09-16 14:09:05,603360.SH,B,24.970,200
358,51,2025-09-16,2025-09-16 14:09:08,000062.SZ,B,30.400,100
359,44,2025-09-16,2025-09-16 14:09:06,002384.SZ,B,78.870,100
360,60,2025-09-16,2025-09-16 14:09:06,002384.SZ,B,78.870,600
361,44,2025-09-16,2025-09-16 14:09:05,301029.SZ,B,30.330,100
362,61,2025-09-16,2025-09-16 14:09:04,300790.SZ,B,33.690,600
363,44,2025-09-16,2025-09-16 14:09:03,300548.SZ,B,116.640,100
364,44,2025-09-16,2025-09-16 14:09:01,300925.SZ,B,26.840,100
365,44,2025-09-16,2025-09-16 14:08:55,300680.SZ,S,62.050,100
366,44,2025-09-16,2025-09-16 14:08:53,603337.SH,S,50.290,100
367,44,2025-09-16,2025-09-16 14:08:52,300815.SZ,S,28.540,100
368,58,2025-09-16,2025-09-16 14:08:51,002534.SZ,B,15.400,400
369,61,2025-09-16,2025-09-16 14:08:41,300581.SZ,B,17.210,300
370,60,2025-09-16,2025-09-16 14:08:41,300502.SZ,B,342.000,100
371,60,2025-09-16,2025-09-16 14:08:35,300502.SZ,B,341.770,100
372,60,2025-09-16,2025-09-16 14:08:33,300124.SZ,B,84.100,300
373,60,2025-09-16,2025-09-16 14:08:29,300124.SZ,B,84.060,100
374,60,2025-09-16,2025-09-16 14:08:26,002384.SZ,B,78.890,600
375,44,2025-09-16,2025-09-16 14:08:26,002384.SZ,B,78.890,100
376,58,2025-09-16,2025-09-16 14:08:25,002857.SZ,S,24.600,200
377,59,2025-09-16,2025-09-16 14:08:22,002150.SZ,B,15.420,200
378,49,2025-09-16,2025-09-16 14:08:22,002150.SZ,B,15.420,100
379,61,2025-09-16,2025-09-16 14:08:22,002150.SZ,B,15.420,800
380,44,2025-09-16,2025-09-16 14:08:06,300815.SZ,S,28.540,200
381,49,2025-09-16,2025-09-16 14:08:05,002857.SZ,S,24.600,100
382,61,2025-09-16,2025-09-16 14:08:05,002857.SZ,S,24.600,300
383,44,2025-09-16,2025-09-16 14:08:04,603337.SH,S,50.130,100
384,60,2025-09-16,2025-09-16 14:07:36,300502.SZ,B,342.580,100
385,60,2025-09-16,2025-09-16 14:07:36,300502.SZ,B,342.580,100
386,60,2025-09-16,2025-09-16 14:07:29,300502.SZ,B,342.620,200
387,61,2025-09-16,2025-09-16 14:07:27,688005.SH,B,28.980,735
388,60,2025-09-16,2025-09-16 14:07:25,300502.SZ,B,342.990,100
389,52,2025-09-16,2025-09-16 14:07:03,002695.SZ,S,13.500,200
390,58,2025-09-16,2025-09-16 14:07:23,002695.SZ,S,13.500,600
391,60,2025-09-16,2025-09-16 14:07:21,300502.SZ,B,342.670,300
392,52,2025-09-16,2025-09-16 14:06:36,002492.SZ,S,8.000,100
393,44,2025-09-16,2025-09-16 14:07:12,300068.SZ,B,19.560,100
394,52,2025-09-16,2025-09-16 14:06:21,603168.SH,S,8.340,100
395,59,2025-09-16,2025-09-16 14:07:08,300581.SZ,B,17.200,100
396,59,2025-09-16,2025-09-16 14:07:07,300581.SZ,B,17.200,100
397,49,2025-09-16,2025-09-16 14:07:07,300581.SZ,B,17.200,100
398,61,2025-09-16,2025-09-16 14:07:06,603861.SH,S,11.090,700
399,61,2025-09-16,2025-09-16 14:07:06,603861.SH,S,11.090,600
400,49,2025-09-16,2025-09-16 14:07:06,603861.SH,S,11.090,400
401,61,2025-09-16,2025-09-16 14:07:06,603861.SH,S,11.090,700
402,58,2025-09-16,2025-09-16 14:07:06,300581.SZ,B,17.200,300
403,58,2025-09-16,2025-09-16 14:07:06,300581.SZ,B,17.200,600
404,59,2025-09-16,2025-09-16 14:07:06,603861.SH,S,11.090,100
405,59,2025-09-16,2025-09-16 14:07:06,603861.SH,S,11.090,400
406,59,2025-09-16,2025-09-16 14:07:06,603861.SH,S,11.090,300
407,59,2025-09-16,2025-09-16 14:07:05,300790.SZ,S,33.700,100
408,60,2025-09-16,2025-09-16 14:07:04,000960.SZ,S,21.400,2300
409,44,2025-09-16,2025-09-16 14:07:04,300925.SZ,S,26.920,100
410,58,2025-09-16,2025-09-16 14:07:03,603861.SH,S,11.090,1800
411,44,2025-09-16,2025-09-16 14:07:04,000960.SZ,S,21.400,100
412,52,2025-09-16,2025-09-16 14:07:02,603861.SH,S,11.090,500
413,58,2025-09-16,2025-09-16 14:06:56,600658.SH,S,6.220,100
414,60,2025-09-16,2025-09-16 14:06:49,300033.SZ,S,379.880,100
415,60,2025-09-16,2025-09-16 14:06:48,300124.SZ,B,84.250,100
416,58,2025-09-16,2025-09-16 14:06:48,300850.SZ,B,35.580,400
417,59,2025-09-16,2025-09-16 14:06:42,600748.SH,S,4.550,300
418,61,2025-09-16,2025-09-16 14:06:42,600748.SH,S,4.550,900
419,49,2025-09-16,2025-09-16 14:06:42,600748.SH,S,4.550,100
420,44,2025-09-16,2025-09-16 14:06:39,000657.SZ,S,18.490,200
421,44,2025-09-16,2025-09-16 14:06:32,300184.SZ,S,12.170,100
422,61,2025-09-16,2025-09-16 14:06:31,002929.SZ,S,52.050,200
423,51,2025-09-16,2025-09-16 14:06:33,002492.SZ,S,8.000,500
424,59,2025-09-16,2025-09-16 14:06:24,688428.SH,B,27.500,214
425,49,2025-09-16,2025-09-16 14:06:23,600744.SH,B,6.630,100
426,61,2025-09-16,2025-09-16 14:06:22,603922.SH,S,22.240,100
427,60,2025-09-16,2025-09-16 14:06:15,002938.SZ,S,54.090,900
428,49,2025-09-16,2025-09-16 14:06:08,600333.SH,S,5.730,300
429,61,2025-09-16,2025-09-16 14:06:08,600333.SH,S,5.730,1800
430,52,2025-09-16,2025-09-16 14:06:07,002064.SZ,S,8.910,100
431,59,2025-09-16,2025-09-16 14:06:08,600333.SH,S,5.730,600
432,52,2025-09-16,2025-09-16 14:01:20,601956.SH,S,7.160,200
433,44,2025-09-16,2025-09-16 14:06:06,300680.SZ,B,61.920,100
434,61,2025-09-16,2025-09-16 14:06:02,002857.SZ,S,24.660,300
435,58,2025-09-16,2025-09-16 14:06:01,002857.SZ,S,24.660,400
436,59,2025-09-16,2025-09-16 14:06:02,002857.SZ,S,24.660,200
437,52,2025-09-16,2025-09-16 14:06:00,002857.SZ,S,24.660,100
438,44,2025-09-16,2025-09-16 14:05:53,301606.SZ,S,67.400,100
439,60,2025-09-16,2025-09-16 14:05:53,301606.SZ,S,67.400,100
440,44,2025-09-16,2025-09-16 14:05:49,300680.SZ,S,62.160,100
441,58,2025-09-16,2025-09-16 14:05:47,603089.SH,S,16.920,100
442,52,2025-09-16,2025-09-16 14:05:45,603089.SH,S,16.920,100
443,59,2025-09-16,2025-09-16 14:05:46,603698.SH,S,20.140,200
444,61,2025-09-16,2025-09-16 14:05:46,603698.SH,S,20.140,200
445,51,2025-09-16,2025-09-16 14:05:47,300251.SZ,B,19.240,300
446,60,2025-09-16,2025-09-16 14:05:43,300033.SZ,S,379.950,100
447,44,2025-09-16,2025-09-16 14:05:42,300680.SZ,S,62.150,100
448,61,2025-09-16,2025-09-16 14:05:37,601717.SH,B,23.180,100
449,51,2025-09-16,2025-09-16 14:05:39,600356.SH,S,10.360,100
450,58,2025-09-16,2025-09-16 14:05:35,300438.SZ,S,33.170,100
451,60,2025-09-16,2025-09-16 14:05:34,300502.SZ,S,345.060,200
452,44,2025-09-16,2025-09-16 14:05:31,603712.SH,B,21.000,100
453,60,2025-09-16,2025-09-16 14:05:27,300502.SZ,S,345.310,100
454,49,2025-09-16,2025-09-16 14:05:23,600967.SH,B,19.360,200
455,49,2025-09-16,2025-09-16 14:05:23,600967.SH,B,19.360,100
456,49,2025-09-16,2025-09-16 14:05:18,002922.SZ,B,21.320,100
457,52,2025-09-16,2025-09-16 14:05:16,000519.SZ,B,18.350,400
458,44,2025-09-16,2025-09-16 14:05:14,002167.SZ,B,14.720,100
459,58,2025-09-16,2025-09-16 14:05:07,603103.SH,B,18.240,400
460,58,2025-09-16,2025-09-16 14:04:57,002397.SZ,S,3.870,300
461,58,2025-09-16,2025-09-16 14:04:57,002397.SZ,S,3.870,100
462,58,2025-09-16,2025-09-16 14:04:57,002397.SZ,S,3.870,1300
463,52,2025-09-16,2025-09-16 14:01:20,002397.SZ,S,3.870,400
464,51,2025-09-16,2025-09-16 14:04:57,002169.SZ,S,7.280,500
465,51,2025-09-16,2025-09-16 14:04:57,603168.SH,S,8.340,500
466,61,2025-09-16,2025-09-16 14:04:51,601975.SH,S,3.260,200
467,44,2025-09-16,2025-09-16 14:04:50,300680.SZ,B,61.660,100
468,49,2025-09-16,2025-09-16 14:04:51,601975.SH,S,3.260,100
469,61,2025-09-16,2025-09-16 14:04:44,002125.SZ,B,14.560,500
470,60,2025-09-16,2025-09-16 14:04:44,301606.SZ,B,67.280,100
471,44,2025-09-16,2025-09-16 14:04:44,301606.SZ,B,67.280,100
472,44,2025-09-16,2025-09-16 14:04:42,000657.SZ,B,18.520,300
473,52,2025-09-16,2025-09-16 14:04:34,300581.SZ,B,17.210,400
474,61,2025-09-16,2025-09-16 14:04:31,002326.SZ,S,17.030,200
475,59,2025-09-16,2025-09-16 14:04:31,002326.SZ,S,17.030,200
476,58,2025-09-16,2025-09-16 14:04:30,002125.SZ,B,14.570,400
477,49,2025-09-16,2025-09-16 14:04:29,000519.SZ,B,18.340,100
478,61,2025-09-16,2025-09-16 14:04:29,000519.SZ,B,18.340,100
479,44,2025-09-16,2025-09-16 14:04:20,603063.SH,B,33.500,100
480,51,2025-09-16,2025-09-16 14:04:21,000960.SZ,B,21.370,300
481,52,2025-09-16,2025-09-16 14:04:10,600967.SH,B,19.350,700
482,44,2025-09-16,2025-09-16 14:04:17,688185.SH,B,83.460,200
483,51,2025-09-16,2025-09-16 14:04:18,002085.SZ,B,18.150,300
484,61,2025-09-16,2025-09-16 14:04:15,603360.SH,B,25.000,600
485,61,2025-09-16,2025-09-16 14:04:15,300390.SZ,B,23.040,200
486,61,2025-09-16,2025-09-16 14:04:15,300390.SZ,B,23.040,200
487,61,2025-09-16,2025-09-16 14:04:15,300390.SZ,B,23.040,100
488,58,2025-09-16,2025-09-16 14:04:15,600967.SH,B,19.350,500
489,51,2025-09-16,2025-09-16 14:04:17,000062.SZ,B,30.390,200
490,58,2025-09-16,2025-09-16 14:04:14,600967.SH,B,19.350,300
491,58,2025-09-16,2025-09-16 14:04:14,600967.SH,B,19.350,100
492,52,2025-09-16,2025-09-16 14:03:45,002084.SZ,S,4.000,1100
493,60,2025-09-16,2025-09-16 14:04:13,300394.SZ,B,177.350,100
494,60,2025-09-16,2025-09-16 14:04:13,300394.SZ,B,177.350,100
495,60,2025-09-16,2025-09-16 14:04:13,300394.SZ,B,177.350,100
496,51,2025-09-16,2025-09-16 14:04:15,300184.SZ,B,12.180,300
497,58,2025-09-16,2025-09-16 14:04:12,600967.SH,B,19.350,100
498,58,2025-09-16,2025-09-16 14:04:13,002317.SZ,B,20.250,400
499,58,2025-09-16,2025-09-16 14:04:12,600967.SH,B,19.350,400
500,61,2025-09-16,2025-09-16 14:04:07,300850.SZ,B,35.580,100
501,61,2025-09-16,2025-09-16 14:04:07,300850.SZ,B,35.580,100
502,61,2025-09-16,2025-09-16 14:04:07,300850.SZ,B,35.580,100
503,49,2025-09-16,2025-09-16 14:04:07,300850.SZ,B,35.580,100
504,52,2025-09-16,2025-09-16 14:01:20,000630.SZ,S,4.580,100
505,59,2025-09-16,2025-09-16 14:03:57,688428.SH,B,27.490,200
506,59,2025-09-16,2025-09-16 14:03:50,688428.SH,B,27.490,200
507,60,2025-09-16,2025-09-16 14:03:49,300502.SZ,S,343.960,200
508,52,2025-09-16,2025-09-16 14:03:48,002402.SZ,S,38.870,100
509,59,2025-09-16,2025-09-16 14:03:46,002402.SZ,S,38.890,100
510,61,2025-09-16,2025-09-16 14:03:47,002402.SZ,S,38.890,300
511,60,2025-09-16,2025-09-16 14:03:42,300502.SZ,S,344.250,200
512,44,2025-09-16,2025-09-16 14:03:41,002240.SZ,S,18.030,100
513,60,2025-09-16,2025-09-16 14:03:35,301165.SZ,S,91.090,100
514,44,2025-09-16,2025-09-16 14:03:35,301603.SZ,S,84.320,100
515,61,2025-09-16,2025-09-16 14:03:29,002389.SZ,B,21.410,400
516,49,2025-09-16,2025-09-16 14:03:29,002389.SZ,B,21.410,100
517,58,2025-09-16,2025-09-16 14:03:29,002389.SZ,B,21.410,400
518,51,2025-09-16,2025-09-16 14:03:23,601717.SH,S,23.160,100
519,51,2025-09-16,2025-09-16 14:03:19,601696.SH,S,15.420,200
520,59,2025-09-16,2025-09-16 14:03:11,600513.SH,B,21.550,200
521,59,2025-09-16,2025-09-16 14:03:11,600513.SH,B,21.550,300
522,61,2025-09-16,2025-09-16 14:03:11,600513.SH,B,21.550,300
523,49,2025-09-16,2025-09-16 14:03:11,600513.SH,B,21.550,200
524,44,2025-09-16,2025-09-16 14:03:09,002384.SZ,S,79.160,100
525,60,2025-09-16,2025-09-16 14:03:09,002384.SZ,S,79.160,300
526,60,2025-09-16,2025-09-16 14:03:09,002384.SZ,S,79.160,300
527,59,2025-09-16,2025-09-16 14:03:07,002695.SZ,S,13.500,300
528,60,2025-09-16,2025-09-16 14:03:08,300033.SZ,S,379.350,100
529,51,2025-09-16,2025-09-16 14:03:10,600026.SH,S,12.350,500
530,44,2025-09-16,2025-09-16 14:03:08,300033.SZ,S,379.350,100
531,49,2025-09-16,2025-09-16 14:03:07,002695.SZ,S,13.500,100
532,61,2025-09-16,2025-09-16 14:03:07,002695.SZ,S,13.500,700
533,58,2025-09-16,2025-09-16 14:02:54,301257.SZ,S,48.570,100
534,51,2025-09-16,2025-09-16 14:02:54,000659.SZ,S,3.040,300
535,44,2025-09-16,2025-09-16 14:02:50,300695.SZ,B,103.920,100
536,51,2025-09-16,2025-09-16 14:02:52,601899.SH,B,25.290,300
537,61,2025-09-16,2025-09-16 14:02:48,002064.SZ,S,8.890,100
538,44,2025-09-16,2025-09-16 14:02:46,603337.SH,B,49.820,100
539,44,2025-09-16,2025-09-16 14:02:42,301603.SZ,B,84.160,100
540,58,2025-09-16,2025-09-16 14:02:40,600513.SH,B,21.540,900
541,52,2025-09-16,2025-09-16 14:02:39,600513.SH,B,21.540,400
542,44,2025-09-16,2025-09-16 14:02:36,300872.SZ,S,24.800,200
543,58,2025-09-16,2025-09-16 14:02:35,601138.SH,S,59.860,100
544,44,2025-09-16,2025-09-16 14:02:32,300059.SZ,S,27.830,100
545,60,2025-09-16,2025-09-16 14:02:32,300059.SZ,S,27.830,100
546,52,2025-09-16,2025-09-16 14:01:20,002169.SZ,S,7.280,100
547,44,2025-09-16,2025-09-16 14:02:27,301029.SZ,B,30.470,100
548,60,2025-09-16,2025-09-16 14:02:27,301165.SZ,B,91.000,100
549,60,2025-09-16,2025-09-16 14:02:24,300033.SZ,B,379.000,100
550,49,2025-09-16,2025-09-16 14:02:20,301568.SZ,B,50.610,100
551,61,2025-09-16,2025-09-16 14:02:20,301568.SZ,B,50.610,100
552,44,2025-09-16,2025-09-16 14:02:19,002384.SZ,B,79.200,100
553,59,2025-09-16,2025-09-16 14:02:18,603089.SH,S,16.940,100
554,60,2025-09-16,2025-09-16 14:02:19,002384.SZ,B,79.200,600
555,60,2025-09-16,2025-09-16 14:02:19,300033.SZ,B,378.880,100
556,58,2025-09-16,2025-09-16 14:02:19,603067.SH,B,17.640,300
557,61,2025-09-16,2025-09-16 14:02:18,603089.SH,S,16.940,100
558,58,2025-09-16,2025-09-16 14:02:17,603067.SH,B,17.640,100
559,44,2025-09-16,2025-09-16 14:02:15,300033.SZ,B,378.350,100
560,60,2025-09-16,2025-09-16 14:02:15,300033.SZ,B,378.350,100
561,44,2025-09-16,2025-09-16 14:02:15,300872.SZ,B,24.790,100
562,61,2025-09-16,2025-09-16 14:02:13,002323.SZ,B,2.050,100
563,61,2025-09-16,2025-09-16 14:02:11,603688.SH,B,37.840,200
564,44,2025-09-16,2025-09-16 14:02:11,300872.SZ,B,24.750,300
565,58,2025-09-16,2025-09-16 14:02:10,300438.SZ,S,33.130,300
566,52,2025-09-16,2025-09-16 14:01:55,300682.SZ,S,22.260,100
567,44,2025-09-16,2025-09-16 14:02:00,301270.SZ,S,40.900,100
568,52,2025-09-16,2025-09-16 14:01:31,002090.SZ,S,10.890,100
569,49,2025-09-16,2025-09-16 14:01:52,300009.SZ,S,10.590,100
570,61,2025-09-16,2025-09-16 14:01:50,688700.SH,S,40.630,257
571,52,2025-09-16,2025-09-16 14:01:46,600356.SH,S,10.350,100
572,44,2025-09-16,2025-09-16 14:01:47,300872.SZ,S,24.580,200
573,61,2025-09-16,2025-09-16 14:01:46,601956.SH,S,7.150,1100
574,49,2025-09-16,2025-09-16 14:01:46,601956.SH,S,7.150,200
575,59,2025-09-16,2025-09-16 14:01:46,601956.SH,S,7.150,400
576,44,2025-09-16,2025-09-16 14:01:45,300815.SZ,S,28.560,300
577,58,2025-09-16,2025-09-16 14:01:45,601956.SH,S,7.150,1100
578,52,2025-09-16,2025-09-16 14:01:45,601717.SH,S,23.190,100
579,61,2025-09-16,2025-09-16 14:01:44,002090.SZ,S,10.880,500
580,58,2025-09-16,2025-09-16 14:01:44,002929.SZ,S,52.120,100
581,58,2025-09-16,2025-09-16 14:01:44,002929.SZ,S,52.120,100
582,44,2025-09-16,2025-09-16 14:01:43,002167.SZ,S,14.710,100
583,59,2025-09-16,2025-09-16 14:01:43,002090.SZ,S,10.880,100
584,44,2025-09-16,2025-09-16 14:01:34,300611.SZ,S,26.130,100
585,58,2025-09-16,2025-09-16 14:01:33,002090.SZ,S,10.880,400
586,49,2025-09-16,2025-09-16 14:01:29,601169.SH,B,5.810,100
587,44,2025-09-16,2025-09-16 14:01:27,301029.SZ,S,30.480,100
588,61,2025-09-16,2025-09-16 14:01:23,000926.SZ,S,2.910,2700
589,49,2025-09-16,2025-09-16 14:01:23,000926.SZ,S,2.910,600
590,58,2025-09-16,2025-09-16 14:01:22,002084.SZ,S,3.950,1400
591,59,2025-09-16,2025-09-16 14:01:23,000926.SZ,S,2.910,900
592,51,2025-09-16,2025-09-16 14:01:24,600748.SH,S,4.560,1200
593,52,2025-09-16,2025-09-16 14:01:21,600748.SH,S,4.560,500
594,58,2025-09-16,2025-09-16 14:01:21,002402.SZ,S,38.890,300
595,58,2025-09-16,2025-09-16 14:01:20,002084.SZ,S,3.950,2100
596,61,2025-09-16,2025-09-16 14:01:20,603121.SH,S,18.480,100
597,61,2025-09-16,2025-09-16 14:01:19,002084.SZ,S,3.950,3700
598,58,2025-09-16,2025-09-16 14:01:19,603121.SH,S,18.480,100
599,59,2025-09-16,2025-09-16 14:01:19,002084.SZ,S,3.950,1300
600,49,2025-09-16,2025-09-16 14:01:18,002084.SZ,S,3.950,332
601,49,2025-09-16,2025-09-16 14:01:18,002084.SZ,S,3.950,368
602,44,2025-09-16,2025-09-16 14:01:15,301029.SZ,S,30.480,100
603,51,2025-09-16,2025-09-16 14:01:17,002084.SZ,S,3.950,1300
604,44,2025-09-16,2025-09-16 14:01:14,002167.SZ,S,14.710,100
605,60,2025-09-16,2025-09-16 14:01:13,300502.SZ,S,343.330,100
606,44,2025-09-16,2025-09-16 14:01:10,688003.SH,S,59.690,300
607,44,2025-09-16,2025-09-16 14:01:04,301396.SZ,S,78.060,100
608,44,2025-09-16,2025-09-16 14:01:04,000657.SZ,S,18.510,200
609,44,2025-09-16,2025-09-16 14:01:04,002384.SZ,S,79.280,100
610,44,2025-09-16,2025-09-16 14:01:04,000657.SZ,S,18.510,100
611,60,2025-09-16,2025-09-16 14:01:04,002384.SZ,S,79.280,100
612,60,2025-09-16,2025-09-16 14:01:04,002384.SZ,S,79.280,400
613,60,2025-09-16,2025-09-16 14:01:04,002384.SZ,S,79.280,100
614,44,2025-09-16,2025-09-16 14:01:00,300049.SZ,B,85.810,100
615,44,2025-09-16,2025-09-16 14:00:52,300046.SZ,S,40.710,100
616,60,2025-09-16,2025-09-16 14:00:47,301345.SZ,B,207.350,100
617,60,2025-09-16,2025-09-16 14:00:43,300394.SZ,S,177.290,200
618,44,2025-09-16,2025-09-16 14:00:42,300872.SZ,S,24.600,100
619,44,2025-09-16,2025-09-16 14:00:41,002149.SZ,B,17.240,100
620,44,2025-09-16,2025-09-16 14:00:38,300872.SZ,S,24.610,100
621,44,2025-09-16,2025-09-16 14:00:36,603101.SH,B,12.510,100
622,44,2025-09-16,2025-09-16 14:00:36,300763.SZ,S,83.760,100
623,44,2025-09-16,2025-09-16 14:00:35,300068.SZ,S,19.650,100
624,60,2025-09-16,2025-09-16 14:00:35,688041.SH,S,247.480,13
625,60,2025-09-16,2025-09-16 14:00:35,688041.SH,S,247.480,7
626,44,2025-09-16,2025-09-16 14:00:34,002139.SZ,S,15.360,400
627,60,2025-09-16,2025-09-16 14:00:33,600113.SH,S,57.220,200
628,44,2025-09-16,2025-09-16 14:00:32,301510.SZ,S,35.730,100
629,44,2025-09-16,2025-09-16 14:00:32,300432.SZ,S,15.940,100
630,60,2025-09-16,2025-09-16 14:00:32,301200.SZ,S,116.070,100
631,60,2025-09-16,2025-09-16 14:00:27,603019.SH,S,111.740,100
632,44,2025-09-16,2025-09-16 14:00:26,600549.SH,S,29.630,100
633,60,2025-09-16,2025-09-16 14:00:21,301165.SZ,S,91.200,200
634,44,2025-09-16,2025-09-16 14:00:18,300184.SZ,B,12.160,100
635,60,2025-09-16,2025-09-16 14:00:17,600418.SH,S,56.410,400
636,60,2025-09-16,2025-09-16 14:00:12,600418.SH,S,56.410,300
637,44,2025-09-16,2025-09-16 13:59:59,002240.SZ,B,18.010,100
638,60,2025-09-16,2025-09-16 13:59:58,603019.SH,B,111.550,100
639,44,2025-09-16,2025-09-16 13:59:52,301029.SZ,B,30.440,100
640,60,2025-09-16,2025-09-16 13:59:51,600418.SH,S,56.390,200
641,44,2025-09-16,2025-09-16 13:59:48,300170.SZ,S,18.690,200
642,60,2025-09-16,2025-09-16 13:59:25,300059.SZ,B,27.480,100
643,44,2025-09-16,2025-09-16 13:59:11,300059.SZ,B,27.420,100
644,44,2025-09-16,2025-09-16 13:59:06,002167.SZ,B,14.690,100
645,44,2025-09-16,2025-09-16 13:59:05,300170.SZ,B,18.590,100
646,44,2025-09-16,2025-09-16 13:58:55,603337.SH,S,49.700,100
647,51,2025-09-16,2025-09-16 13:58:55,000882.SZ,S,2.350,1500
648,44,2025-09-16,2025-09-16 13:58:41,300815.SZ,B,28.500,100
649,44,2025-09-16,2025-09-16 13:58:38,300607.SZ,S,39.120,100
650,44,2025-09-16,2025-09-16 13:58:35,300763.SZ,B,83.520,100
651,44,2025-09-16,2025-09-16 13:58:32,300815.SZ,B,28.490,500
652,44,2025-09-16,2025-09-16 13:58:30,300409.SZ,S,25.720,100
653,51,2025-09-16,2025-09-16 13:58:32,600157.SH,S,1.540,1300
654,44,2025-09-16,2025-09-16 13:58:28,301029.SZ,S,30.490,100
655,44,2025-09-16,2025-09-16 13:58:26,300548.SZ,S,116.890,100
656,44,2025-09-16,2025-09-16 13:58:21,603678.SH,S,36.870,100
657,58,2025-09-16,2025-09-16 13:58:18,603360.SH,B,24.970,100
658,58,2025-09-16,2025-09-16 13:58:18,603360.SH,B,24.970,300
659,61,2025-09-16,2025-09-16 13:58:17,603698.SH,B,20.160,200
660,58,2025-09-16,2025-09-16 13:58:15,600503.SH,S,3.720,1000
661,61,2025-09-16,2025-09-16 13:58:13,002953.SZ,S,13.020,300
662,58,2025-09-16,2025-09-16 13:58:12,603216.SH,S,16.990,100
663,58,2025-09-16,2025-09-16 13:58:12,603216.SH,S,16.990,100
664,44,2025-09-16,2025-09-16 13:58:09,300690.SZ,S,35.780,100
665,59,2025-09-16,2025-09-16 13:58:08,603698.SH,B,20.160,500
666,52,2025-09-16,2025-09-16 13:58:07,601975.SH,S,3.250,100
667,58,2025-09-16,2025-09-16 13:58:07,300269.SZ,S,5.240,300
668,58,2025-09-16,2025-09-16 13:58:06,300591.SZ,S,10.060,400
669,61,2025-09-16,2025-09-16 13:58:04,600658.SH,S,6.220,500
670,51,2025-09-16,2025-09-16 13:58:06,600026.SH,B,12.350,600
671,59,2025-09-16,2025-09-16 13:58:04,600658.SH,S,6.220,200
672,51,2025-09-16,2025-09-16 13:58:04,600118.SH,S,36.690,100
673,51,2025-09-16,2025-09-16 13:58:03,600658.SH,S,6.210,200
674,61,2025-09-16,2025-09-16 13:58:00,600233.SH,S,19.170,200
675,61,2025-09-16,2025-09-16 13:57:57,688655.SH,S,23.480,200
676,49,2025-09-16,2025-09-16 13:57:56,601398.SH,B,7.460,100
677,52,2025-09-16,2025-09-16 13:57:46,600157.SH,S,1.540,300
678,52,2025-09-16,2025-09-16 13:57:45,000826.SZ,S,2.300,100
679,59,2025-09-16,2025-09-16 13:57:45,300790.SZ,B,33.770,300
680,44,2025-09-16,2025-09-16 13:57:45,300607.SZ,B,39.030,100
681,61,2025-09-16,2025-09-16 13:57:44,002326.SZ,B,16.960,200
682,60,2025-09-16,2025-09-16 13:57:41,301165.SZ,B,90.810,200
683,44,2025-09-16,2025-09-16 13:57:39,600549.SH,B,29.500,100
684,59,2025-09-16,2025-09-16 13:57:38,605196.SH,S,26.440,200
685,44,2025-09-16,2025-09-16 13:57:34,300946.SZ,S,57.150,100
686,44,2025-09-16,2025-09-16 13:57:31,300170.SZ,B,18.590,100
687,44,2025-09-16,2025-09-16 13:57:27,603101.SH,S,12.490,100
688,60,2025-09-16,2025-09-16 13:57:26,600418.SH,B,56.220,400
689,60,2025-09-16,2025-09-16 13:57:25,600418.SH,B,56.220,100
690,58,2025-09-16,2025-09-16 13:57:23,002492.SZ,S,7.980,800
691,60,2025-09-16,2025-09-16 13:57:23,600418.SH,B,56.220,400
692,61,2025-09-16,2025-09-16 13:57:13,002922.SZ,S,21.290,300
693,44,2025-09-16,2025-09-16 13:57:12,300872.SZ,B,24.440,200
694,51,2025-09-16,2025-09-16 13:56:59,600026.SH,B,12.350,300
695,58,2025-09-16,2025-09-16 13:56:52,300790.SZ,B,33.760,200
696,60,2025-09-16,2025-09-16 13:56:48,301200.SZ,B,116.000,100
697,44,2025-09-16,2025-09-16 13:56:39,301308.SZ,B,116.650,100
698,60,2025-09-16,2025-09-16 13:56:39,300308.SZ,S,403.770,100
699,58,2025-09-16,2025-09-16 13:56:37,688655.SH,S,23.470,53
700,58,2025-09-16,2025-09-16 13:56:37,688655.SH,S,23.470,200
701,58,2025-09-16,2025-09-16 13:56:37,688655.SH,S,23.470,20
702,44,2025-09-16,2025-09-16 13:56:24,300724.SZ,S,97.750,100
703,58,2025-09-16,2025-09-16 13:56:23,603698.SH,B,20.150,200
704,58,2025-09-16,2025-09-16 13:56:23,603698.SH,B,20.150,100
705,44,2025-09-16,2025-09-16 13:56:21,603101.SH,B,12.470,100
706,44,2025-09-16,2025-09-16 13:56:18,688110.SH,B,121.800,78
707,44,2025-09-16,2025-09-16 13:56:18,300046.SZ,B,40.510,100
708,44,2025-09-16,2025-09-16 13:56:18,688110.SH,B,121.790,222
709,44,2025-09-16,2025-09-16 13:56:16,000657.SZ,B,18.380,300
710,60,2025-09-16,2025-09-16 13:56:15,300394.SZ,B,176.490,100
711,60,2025-09-16,2025-09-16 13:55:59,300308.SZ,B,403.100,100
712,44,2025-09-16,2025-09-16 13:55:57,301029.SZ,B,30.530,100
713,61,2025-09-16,2025-09-16 13:55:55,000519.SZ,B,18.260,400
714,60,2025-09-16,2025-09-16 13:55:55,002938.SZ,B,54.000,900
715,60,2025-09-16,2025-09-16 13:55:54,688041.SH,B,247.800,49
716,49,2025-09-16,2025-09-16 13:55:42,600063.SH,S,5.880,100
717,52,2025-09-16,2025-09-16 13:50:54,002492.SZ,S,7.990,500
718,44,2025-09-16,2025-09-16 13:55:41,301308.SZ,S,117.000,100
719,51,2025-09-16,2025-09-16 13:55:39,000965.SZ,S,4.460,100
720,44,2025-09-16,2025-09-16 13:55:35,301308.SZ,S,117.010,100
721,61,2025-09-16,2025-09-16 13:55:34,603698.SH,B,20.160,700
722,58,2025-09-16,2025-09-16 13:55:30,002492.SZ,S,7.990,100
723,58,2025-09-16,2025-09-16 13:55:29,002492.SZ,S,7.990,600
724,60,2025-09-16,2025-09-16 13:55:29,300475.SZ,B,75.500,400
725,58,2025-09-16,2025-09-16 13:55:29,002492.SZ,S,7.990,500
726,58,2025-09-16,2025-09-16 13:55:28,603216.SH,S,17.040,100
727,58,2025-09-16,2025-09-16 13:55:28,603216.SH,S,17.040,100
728,44,2025-09-16,2025-09-16 13:55:23,002139.SZ,B,15.280,400
729,44,2025-09-16,2025-09-16 13:55:22,301101.SZ,S,48.460,100
730,60,2025-09-16,2025-09-16 13:55:22,688041.SH,B,247.800,151
731,44,2025-09-16,2025-09-16 13:55:18,300724.SZ,B,97.670,100
732,44,2025-09-16,2025-09-16 13:55:17,301029.SZ,S,30.640,100
733,60,2025-09-16,2025-09-16 13:55:17,301029.SZ,S,30.640,100
734,49,2025-09-16,2025-09-16 13:55:16,300790.SZ,B,33.700,100
735,58,2025-09-16,2025-09-16 13:55:11,002929.SZ,S,51.860,100
736,60,2025-09-16,2025-09-16 13:55:10,300476.SZ,B,340.230,100
737,58,2025-09-16,2025-09-16 13:55:05,301216.SZ,B,20.260,200
738,44,2025-09-16,2025-09-16 13:55:05,300046.SZ,B,40.500,100
739,49,2025-09-16,2025-09-16 13:55:01,301216.SZ,B,20.260,100
740,61,2025-09-16,2025-09-16 13:55:01,301216.SZ,B,20.260,700
741,51,2025-09-16,2025-09-16 13:55:04,600026.SH,B,12.330,300
742,51,2025-09-16,2025-09-16 13:55:02,600026.SH,B,12.330,300
743,44,2025-09-16,2025-09-16 13:54:57,300049.SZ,S,85.940,100
744,44,2025-09-16,2025-09-16 13:54:55,688003.SH,B,59.520,159
745,44,2025-09-16,2025-09-16 13:54:55,688003.SH,B,59.520,191
746,44,2025-09-16,2025-09-16 13:54:53,301489.SZ,S,222.880,100
747,51,2025-09-16,2025-09-16 13:54:52,600503.SH,S,3.730,1700
748,44,2025-09-16,2025-09-16 13:54:36,002517.SZ,B,26.060,100
749,60,2025-09-16,2025-09-16 13:54:34,300124.SZ,B,84.250,100
750,44,2025-09-16,2025-09-16 13:54:32,002517.SZ,B,26.010,200
751,44,2025-09-16,2025-09-16 13:54:24,603109.SH,B,31.660,200
752,44,2025-09-16,2025-09-16 13:54:15,603337.SH,B,49.600,100
753,59,2025-09-16,2025-09-16 13:54:11,000519.SZ,B,18.250,97
754,60,2025-09-16,2025-09-16 13:54:11,603019.SH,S,111.260,100
755,59,2025-09-16,2025-09-16 13:54:10,000519.SZ,B,18.250,300
756,60,2025-09-16,2025-09-16 13:54:09,603019.SH,S,111.260,200
757,60,2025-09-16,2025-09-16 13:54:09,603019.SH,S,111.260,100
758,60,2025-09-16,2025-09-16 13:54:09,603019.SH,S,111.260,300
759,60,2025-09-16,2025-09-16 13:54:09,603019.SH,S,111.260,100
760,44,2025-09-16,2025-09-16 13:54:09,603019.SH,S,111.260,100
761,44,2025-09-16,2025-09-16 13:54:08,301091.SZ,S,32.400,100
762,61,2025-09-16,2025-09-16 13:54:07,000519.SZ,B,18.250,597
763,59,2025-09-16,2025-09-16 13:54:07,000519.SZ,B,18.250,103
764,59,2025-09-16,2025-09-16 13:54:05,300269.SZ,S,5.240,200
765,49,2025-09-16,2025-09-16 13:54:05,300269.SZ,S,5.240,100
766,61,2025-09-16,2025-09-16 13:54:06,000519.SZ,B,18.250,3
767,61,2025-09-16,2025-09-16 13:54:05,300269.SZ,S,5.240,300
768,51,2025-09-16,2025-09-16 13:54:04,600503.SH,S,3.730,2500
769,44,2025-09-16,2025-09-16 13:53:59,300430.SZ,B,21.910,100
770,44,2025-09-16,2025-09-16 13:53:53,300953.SZ,S,172.460,100
771,44,2025-09-16,2025-09-16 13:53:52,300068.SZ,S,19.540,100
772,60,2025-09-16,2025-09-16 13:53:52,300068.SZ,S,19.540,2000
773,60,2025-09-16,2025-09-16 13:53:48,300124.SZ,S,84.330,200
774,51,2025-09-16,2025-09-16 13:53:49,600356.SH,S,10.310,200
775,44,2025-09-16,2025-09-16 13:53:44,300409.SZ,B,25.620,100
776,60,2025-09-16,2025-09-16 13:53:43,300124.SZ,S,84.350,400
777,51,2025-09-16,2025-09-16 13:53:42,002169.SZ,S,7.270,1000
778,59,2025-09-16,2025-09-16 13:53:30,002929.SZ,S,51.640,200
779,49,2025-09-16,2025-09-16 13:53:31,002929.SZ,S,51.640,100
780,61,2025-09-16,2025-09-16 13:53:31,002929.SZ,S,51.640,400
781,58,2025-09-16,2025-09-16 13:53:30,002929.SZ,S,51.640,100
782,61,2025-09-16,2025-09-16 13:53:28,300692.SZ,B,7.970,100
783,52,2025-09-16,2025-09-16 13:52:25,603698.SH,B,20.140,200
784,49,2025-09-16,2025-09-16 13:53:27,002987.SZ,S,22.120,100
785,44,2025-09-16,2025-09-16 13:53:27,688322.SH,B,96.010,300
786,44,2025-09-16,2025-09-16 13:53:22,300031.SZ,S,26.120,200
787,44,2025-09-16,2025-09-16 13:53:20,300953.SZ,B,172.230,100
788,51,2025-09-16,2025-09-16 13:53:20,002695.SZ,S,13.480,100
789,52,2025-09-16,2025-09-16 13:53:03,600031.SH,B,20.620,100
790,52,2025-09-16,2025-09-16 13:53:13,300042.SZ,S,26.790,100
791,58,2025-09-16,2025-09-16 13:53:02,002929.SZ,S,51.630,100
792,44,2025-09-16,2025-09-16 13:52:59,300607.SZ,S,39.010,100
793,52,2025-09-16,2025-09-16 13:52:54,002326.SZ,B,16.950,200
794,51,2025-09-16,2025-09-16 13:52:53,601696.SH,B,15.280,300
795,51,2025-09-16,2025-09-16 13:52:53,601696.SH,B,15.280,300
796,60,2025-09-16,2025-09-16 13:52:51,688041.SH,S,247.900,180
797,44,2025-09-16,2025-09-16 13:52:50,603063.SH,S,33.470,200
798,51,2025-09-16,2025-09-16 13:52:51,601696.SH,B,15.280,300
799,60,2025-09-16,2025-09-16 13:52:40,300748.SZ,S,35.530,1000
800,44,2025-09-16,2025-09-16 13:52:39,688003.SH,S,59.720,200
801,44,2025-09-16,2025-09-16 13:52:39,300748.SZ,S,35.530,100
802,44,2025-09-16,2025-09-16 13:52:35,300679.SZ,B,55.000,100
803,58,2025-09-16,2025-09-16 13:52:31,603698.SH,B,20.140,800
804,44,2025-09-16,2025-09-16 13:52:27,301600.SZ,S,148.650,100
805,52,2025-09-16,2025-09-16 13:52:15,002922.SZ,S,21.260,200
806,49,2025-09-16,2025-09-16 13:52:22,600026.SH,S,12.330,200
807,59,2025-09-16,2025-09-16 13:52:20,300591.SZ,S,10.060,200
808,61,2025-09-16,2025-09-16 13:52:18,300591.SZ,S,10.060,700
809,49,2025-09-16,2025-09-16 13:52:18,300591.SZ,S,10.060,100
810,52,2025-09-16,2025-09-16 13:51:57,000519.SZ,B,18.250,300
811,58,2025-09-16,2025-09-16 13:52:13,300591.SZ,S,10.060,100
812,58,2025-09-16,2025-09-16 13:52:13,603360.SH,B,24.930,500
813,58,2025-09-16,2025-09-16 13:52:13,300591.SZ,S,10.060,200
814,58,2025-09-16,2025-09-16 13:52:13,603360.SH,B,24.930,100
815,52,2025-09-16,2025-09-16 13:52:09,300591.SZ,S,10.060,100
816,44,2025-09-16,2025-09-16 13:52:07,300113.SZ,S,25.200,100
817,52,2025-09-16,2025-09-16 13:52:05,601319.SH,B,8.070,100
818,49,2025-09-16,2025-09-16 13:52:02,603698.SH,B,20.150,100
819,44,2025-09-16,2025-09-16 13:52:01,301091.SZ,B,32.350,100
820,60,2025-09-16,2025-09-16 13:52:01,600113.SH,B,57.270,100
821,44,2025-09-16,2025-09-16 13:52:00,300690.SZ,B,35.660,100
822,49,2025-09-16,2025-09-16 13:51:55,601975.SH,S,3.240,100
823,60,2025-09-16,2025-09-16 13:51:53,600113.SH,B,57.260,100
824,52,2025-09-16,2025-09-16 13:51:51,000630.SZ,B,4.550,100
825,44,2025-09-16,2025-09-16 13:51:51,300170.SZ,S,18.420,200
826,52,2025-09-16,2025-09-16 13:51:48,601377.SH,S,6.410,100
827,59,2025-09-16,2025-09-16 13:51:44,600503.SH,S,3.720,1100
828,49,2025-09-16,2025-09-16 13:51:44,600503.SH,S,3.720,300
829,61,2025-09-16,2025-09-16 13:51:44,600503.SH,S,3.720,3000
830,61,2025-09-16,2025-09-16 13:51:39,600367.SH,B,17.580,100
831,58,2025-09-16,2025-09-16 13:51:36,002922.SZ,S,21.250,700
832,44,2025-09-16,2025-09-16 13:51:35,300436.SZ,S,117.050,100
833,51,2025-09-16,2025-09-16 13:51:35,002922.SZ,S,21.250,200
834,44,2025-09-16,2025-09-16 13:51:32,300068.SZ,B,19.520,100
835,60,2025-09-16,2025-09-16 13:51:32,300068.SZ,B,19.520,2000
836,52,2025-09-16,2025-09-16 13:50:12,603360.SH,B,24.920,200
837,60,2025-09-16,2025-09-16 13:51:26,300049.SZ,S,85.470,200
838,60,2025-09-16,2025-09-16 13:51:26,300049.SZ,S,85.470,100
839,49,2025-09-16,2025-09-16 13:51:25,600233.SH,S,19.150,100
840,44,2025-09-16,2025-09-16 13:51:25,000887.SZ,S,24.590,100
841,44,2025-09-16,2025-09-16 13:51:24,002517.SZ,B,25.890,100
842,44,2025-09-16,2025-09-16 13:51:23,300953.SZ,S,172.450,100
843,60,2025-09-16,2025-09-16 13:51:23,300953.SZ,S,172.450,200
844,51,2025-09-16,2025-09-16 13:51:23,000933.SZ,B,19.430,200
845,44,2025-09-16,2025-09-16 13:51:20,301005.SZ,S,48.650,100
846,58,2025-09-16,2025-09-16 13:51:18,000519.SZ,B,18.250,97
847,58,2025-09-16,2025-09-16 13:51:18,000519.SZ,B,18.250,100
848,58,2025-09-16,2025-09-16 13:51:18,000519.SZ,B,18.250,200
849,58,2025-09-16,2025-09-16 13:51:18,000519.SZ,B,18.250,200
850,58,2025-09-16,2025-09-16 13:51:18,000519.SZ,B,18.250,100
851,58,2025-09-16,2025-09-16 13:51:18,000519.SZ,B,18.250,700
852,58,2025-09-16,2025-09-16 13:51:18,000519.SZ,B,18.250,403
853,60,2025-09-16,2025-09-16 13:51:05,300748.SZ,B,35.480,700
854,60,2025-09-16,2025-09-16 13:51:02,603019.SH,B,111.000,100
855,60,2025-09-16,2025-09-16 13:51:00,603019.SH,B,111.000,100
856,60,2025-09-16,2025-09-16 13:51:00,603019.SH,B,111.000,200
857,44,2025-09-16,2025-09-16 13:50:58,603019.SH,B,110.990,100
858,60,2025-09-16,2025-09-16 13:50:58,603019.SH,B,110.990,400
859,44,2025-09-16,2025-09-16 13:50:57,300763.SZ,B,83.510,100
860,60,2025-09-16,2025-09-16 13:50:57,300724.SZ,S,97.590,300
861,60,2025-09-16,2025-09-16 13:50:57,300763.SZ,B,83.510,500
862,44,2025-09-16,2025-09-16 13:50:56,300724.SZ,S,97.600,100
863,60,2025-09-16,2025-09-16 13:50:56,300724.SZ,S,97.590,100
864,44,2025-09-16,2025-09-16 13:50:55,603101.SH,S,12.530,100
865,44,2025-09-16,2025-09-16 13:50:54,603063.SH,B,33.340,100
866,44,2025-09-16,2025-09-16 13:50:52,300049.SZ,S,85.760,100
867,60,2025-09-16,2025-09-16 13:50:52,300049.SZ,S,85.760,100
868,49,2025-09-16,2025-09-16 13:50:49,002922.SZ,S,21.240,200
869,61,2025-09-16,2025-09-16 13:50:50,600675.SH,S,3.230,100
870,61,2025-09-16,2025-09-16 13:50:49,002922.SZ,S,21.240,400
871,59,2025-09-16,2025-09-16 13:50:49,002922.SZ,S,21.240,300
872,58,2025-09-16,2025-09-16 13:50:48,300042.SZ,S,26.780,300
873,44,2025-09-16,2025-09-16 13:50:41,301510.SZ,B,35.600,100
874,58,2025-09-16,2025-09-16 13:50:37,603216.SH,S,17.100,100
875,58,2025-09-16,2025-09-16 13:50:37,603216.SH,S,17.100,100
876,61,2025-09-16,2025-09-16 13:50:35,002326.SZ,B,16.940,700
877,61,2025-09-16,2025-09-16 13:50:35,688655.SH,S,23.480,334
878,44,2025-09-16,2025-09-16 13:50:30,301396.SZ,B,77.820,100
879,52,2025-09-16,2025-09-16 13:50:27,601696.SH,B,15.260,100
880,44,2025-09-16,2025-09-16 13:50:25,300953.SZ,B,171.800,100
881,60,2025-09-16,2025-09-16 13:50:25,300953.SZ,B,171.800,200
882,60,2025-09-16,2025-09-16 13:50:21,301165.SZ,S,90.910,100
883,44,2025-09-16,2025-09-16 13:50:20,688003.SH,B,59.600,200
884,59,2025-09-16,2025-09-16 13:50:20,000519.SZ,B,18.240,400
885,44,2025-09-16,2025-09-16 13:50:17,688003.SH,B,59.580,50
886,44,2025-09-16,2025-09-16 13:50:17,688003.SH,B,59.580,100
887,58,2025-09-16,2025-09-16 13:50:16,688655.SH,S,23.490,200
888,52,2025-09-16,2025-09-16 13:49:55,600026.SH,B,12.280,100
889,61,2025-09-16,2025-09-16 13:50:12,002741.SZ,B,23.050,300
890,61,2025-09-16,2025-09-16 13:50:10,300042.SZ,S,26.760,300
891,49,2025-09-16,2025-09-16 13:50:10,300042.SZ,S,26.760,100
892,59,2025-09-16,2025-09-16 13:50:10,300042.SZ,S,26.760,100
893,58,2025-09-16,2025-09-16 13:50:05,002326.SZ,B,16.930,500
894,52,2025-09-16,2025-09-16 13:49:55,000960.SZ,B,21.220,100
895,49,2025-09-16,2025-09-16 13:50:01,002326.SZ,B,16.930,100
896,59,2025-09-16,2025-09-16 13:50:01,002326.SZ,B,16.930,100
897,59,2025-09-16,2025-09-16 13:50:01,002326.SZ,B,16.930,400
898,49,2025-09-16,2025-09-16 13:50:01,002317.SZ,B,20.170,100
899,61,2025-09-16,2025-09-16 13:50:01,002317.SZ,B,20.170,500
900,44,2025-09-16,2025-09-16 13:49:56,300170.SZ,B,18.400,100
901,44,2025-09-16,2025-09-16 13:49:54,000887.SZ,B,24.480,100
902,52,2025-09-16,2025-09-16 13:49:52,002389.SZ,B,21.310,100
903,49,2025-09-16,2025-09-16 13:49:47,002741.SZ,B,23.040,100
904,44,2025-09-16,2025-09-16 13:49:47,300170.SZ,B,18.390,100
905,60,2025-09-16,2025-09-16 13:49:45,603848.SH,B,32.030,400
906,51,2025-09-16,2025-09-16 13:49:47,605577.SH,S,14.740,200
907,44,2025-09-16,2025-09-16 13:49:42,603101.SH,S,12.490,100
908,60,2025-09-16,2025-09-16 13:49:41,603848.SH,B,32.030,100
909,44,2025-09-16,2025-09-16 13:49:36,002517.SZ,S,25.980,100
910,60,2025-09-16,2025-09-16 13:49:34,688981.SH,B,110.010,300
911,49,2025-09-16,2025-09-16 13:49:33,603360.SH,B,24.880,200
912,61,2025-09-16,2025-09-16 13:49:33,603360.SH,B,24.880,400
913,59,2025-09-16,2025-09-16 13:49:33,603360.SH,B,24.880,300
914,51,2025-09-16,2025-09-16 13:49:34,300042.SZ,S,26.750,100
915,44,2025-09-16,2025-09-16 13:49:28,002517.SZ,S,25.980,100
916,61,2025-09-16,2025-09-16 13:49:26,688048.SH,S,75.020,216
917,44,2025-09-16,2025-09-16 13:49:25,301600.SZ,B,147.510,100
918,60,2025-09-16,2025-09-16 13:49:22,300308.SZ,S,401.490,300
919,61,2025-09-16,2025-09-16 13:49:21,688700.SH,B,40.380,120
920,61,2025-09-16,2025-09-16 13:49:18,688700.SH,B,40.380,211
921,61,2025-09-16,2025-09-16 13:49:16,000980.SZ,S,3.600,500
922,44,2025-09-16,2025-09-16 13:49:15,301622.SZ,S,84.690,100
923,51,2025-09-16,2025-09-16 13:49:17,300068.SZ,B,19.490,400
924,60,2025-09-16,2025-09-16 13:49:13,688981.SH,B,109.810,200
925,60,2025-09-16,2025-09-16 13:49:13,601689.SH,B,76.080,100
926,44,2025-09-16,2025-09-16 13:49:11,300049.SZ,B,85.000,100
927,60,2025-09-16,2025-09-16 13:49:11,301165.SZ,B,90.680,100
928,60,2025-09-16,2025-09-16 13:49:11,300049.SZ,B,85.000,400
929,52,2025-09-16,2025-09-16 13:48:37,600658.SH,S,6.230,100
930,49,2025-09-16,2025-09-16 13:49:08,603216.SH,S,17.070,100
931,52,2025-09-16,2025-09-16 13:49:07,601137.SH,B,24.160,100
932,59,2025-09-16,2025-09-16 13:49:08,603216.SH,S,17.070,200
933,60,2025-09-16,2025-09-16 13:49:06,300308.SZ,B,401.120,100
934,60,2025-09-16,2025-09-16 13:49:05,300502.SZ,B,338.200,200
935,61,2025-09-16,2025-09-16 13:49:02,603216.SH,S,17.070,100
936,61,2025-09-16,2025-09-16 13:49:02,603216.SH,S,17.070,100
937,61,2025-09-16,2025-09-16 13:49:02,603216.SH,S,17.070,100
938,61,2025-09-16,2025-09-16 13:49:02,603216.SH,S,17.070,100
939,60,2025-09-16,2025-09-16 13:49:02,300308.SZ,B,400.700,100
940,61,2025-09-16,2025-09-16 13:49:02,603216.SH,S,17.070,100
941,61,2025-09-16,2025-09-16 13:49:02,603216.SH,S,17.070,100
942,52,2025-09-16,2025-09-16 13:48:58,300790.SZ,B,33.460,100
943,44,2025-09-16,2025-09-16 13:48:56,300695.SZ,S,102.990,100
944,61,2025-09-16,2025-09-16 13:48:56,688700.SH,B,40.310,190
945,60,2025-09-16,2025-09-16 13:48:56,300308.SZ,B,400.100,100
946,61,2025-09-16,2025-09-16 13:48:56,688700.SH,B,40.310,10
947,60,2025-09-16,2025-09-16 13:48:53,300124.SZ,B,83.700,100
948,58,2025-09-16,2025-09-16 13:48:52,600658.SH,S,6.230,400
949,44,2025-09-16,2025-09-16 13:48:48,300672.SZ,B,95.950,100
950,60,2025-09-16,2025-09-16 13:48:44,300502.SZ,S,337.800,100
951,60,2025-09-16,2025-09-16 13:48:44,300394.SZ,S,175.220,100
952,44,2025-09-16,2025-09-16 13:48:40,300046.SZ,S,40.560,100
953,60,2025-09-16,2025-09-16 13:48:40,300394.SZ,S,175.240,100
954,59,2025-09-16,2025-09-16 13:48:39,300031.SZ,S,26.070,100
955,60,2025-09-16,2025-09-16 13:48:39,688981.SH,S,109.890,215
956,60,2025-09-16,2025-09-16 13:48:37,300502.SZ,S,337.880,100
957,44,2025-09-16,2025-09-16 13:48:36,300409.SZ,S,25.480,100
958,60,2025-09-16,2025-09-16 13:48:36,300394.SZ,S,175.300,100
959,49,2025-09-16,2025-09-16 13:48:34,002953.SZ,S,13.020,100
960,61,2025-09-16,2025-09-16 13:48:34,002953.SZ,S,13.020,700
961,59,2025-09-16,2025-09-16 13:48:34,002953.SZ,S,13.020,300
962,60,2025-09-16,2025-09-16 13:48:33,688981.SH,S,109.970,285
963,59,2025-09-16,2025-09-16 13:48:32,603613.SH,S,33.440,100
964,49,2025-09-16,2025-09-16 13:48:26,002378.SZ,S,12.810,100
965,52,2025-09-16,2025-09-16 13:48:21,002929.SZ,S,51.450,100
966,58,2025-09-16,2025-09-16 13:48:23,002364.SZ,S,30.010,100
967,58,2025-09-16,2025-09-16 13:48:22,002929.SZ,S,51.450,100
968,44,2025-09-16,2025-09-16 13:48:08,300570.SZ,S,112.230,100
969,52,2025-09-16,2025-09-16 13:47:06,600503.SH,S,3.720,1700
970,60,2025-09-16,2025-09-16 13:48:05,300124.SZ,S,83.930,100
971,52,2025-09-16,2025-09-16 13:46:20,002169.SZ,S,7.260,300
972,58,2025-09-16,2025-09-16 13:48:01,603360.SH,B,24.870,500
973,58,2025-09-16,2025-09-16 13:47:48,603360.SH,B,24.870,100
974,58,2025-09-16,2025-09-16 13:47:47,603360.SH,B,24.870,200
975,58,2025-09-16,2025-09-16 13:47:44,300083.SZ,S,10.770,100
976,61,2025-09-16,2025-09-16 13:47:38,000519.SZ,B,18.240,800
977,44,2025-09-16,2025-09-16 13:47:38,301622.SZ,B,84.250,100
978,58,2025-09-16,2025-09-16 13:47:38,600503.SH,S,3.720,1600
979,58,2025-09-16,2025-09-16 13:47:36,300790.SZ,B,33.500,300
980,58,2025-09-16,2025-09-16 13:47:32,000980.SZ,S,3.600,3800
981,52,2025-09-16,2025-09-16 13:46:59,000166.SZ,S,5.290,100
982,60,2025-09-16,2025-09-16 13:47:11,300502.SZ,S,337.640,200
983,44,2025-09-16,2025-09-16 13:47:11,688003.SH,S,59.700,200
984,58,2025-09-16,2025-09-16 13:47:11,002378.SZ,S,12.800,100
985,44,2025-09-16,2025-09-16 13:47:09,300619.SZ,S,34.600,100
986,51,2025-09-16,2025-09-16 13:47:09,000426.SZ,S,25.450,200
987,44,2025-09-16,2025-09-16 13:47:04,300872.SZ,S,24.440,100
988,59,2025-09-16,2025-09-16 13:47:04,002492.SZ,S,7.980,800
989,49,2025-09-16,2025-09-16 13:47:04,002492.SZ,S,7.980,400
990,61,2025-09-16,2025-09-16 13:47:04,002492.SZ,S,7.980,2200
991,58,2025-09-16,2025-09-16 13:46:59,002862.SZ,S,20.180,100
992,44,2025-09-16,2025-09-16 13:46:58,300907.SZ,B,39.100,100
993,60,2025-09-16,2025-09-16 13:46:54,300724.SZ,B,97.320,300
994,52,2025-09-16,2025-09-16 13:46:53,301069.SZ,S,23.730,100
995,58,2025-09-16,2025-09-16 13:46:50,301216.SZ,B,20.170,300
996,52,2025-09-16,2025-09-16 13:46:34,301216.SZ,B,20.170,100
997,60,2025-09-16,2025-09-16 13:46:49,301363.SZ,S,28.270,200
998,44,2025-09-16,2025-09-16 13:46:42,300724.SZ,B,97.100,100
999,60,2025-09-16,2025-09-16 13:46:42,300724.SZ,B,97.100,100
1000,60,2025-09-16,2025-09-16 13:46:42,300475.SZ,B,75.180,300
1001,60,2025-09-16,2025-09-16 13:46:41,301363.SZ,S,28.260,100
1002,44,2025-09-16,2025-09-16 13:46:38,300548.SZ,S,115.990,100
1003,49,2025-09-16,2025-09-16 13:46:33,000519.SZ,B,18.240,200
1004,60,2025-09-16,2025-09-16 13:46:30,301363.SZ,S,28.280,100
1005,61,2025-09-16,2025-09-16 13:46:29,300370.SZ,S,3.460,300
1006,58,2025-09-16,2025-09-16 13:46:29,002953.SZ,S,13.030,900
1007,58,2025-09-16,2025-09-16 13:46:29,300370.SZ,S,3.460,300
1008,59,2025-09-16,2025-09-16 13:46:29,300370.SZ,S,3.460,100
1009,60,2025-09-16,2025-09-16 13:46:28,300475.SZ,B,75.190,600
1010,51,2025-09-16,2025-09-16 13:46:29,000960.SZ,B,21.280,400
1011,60,2025-09-16,2025-09-16 13:46:27,300748.SZ,B,35.440,300
1012,44,2025-09-16,2025-09-16 13:46:27,300748.SZ,B,35.440,100
1013,60,2025-09-16,2025-09-16 13:46:25,301363.SZ,S,28.280,100
1014,60,2025-09-16,2025-09-16 13:46:25,002048.SZ,S,34.700,600
1015,44,2025-09-16,2025-09-16 13:46:23,603613.SH,S,33.370,100
1016,58,2025-09-16,2025-09-16 13:46:24,688655.SH,S,23.580,27
1017,60,2025-09-16,2025-09-16 13:46:21,002048.SZ,S,34.700,200
1018,60,2025-09-16,2025-09-16 13:46:21,002048.SZ,S,34.700,100
1019,60,2025-09-16,2025-09-16 13:46:21,301363.SZ,S,28.280,600
1020,52,2025-09-16,2025-09-16 13:46:20,600869.SH,S,7.080,100
1021,52,2025-09-16,2025-09-16 13:46:20,000882.SZ,S,2.350,300
1022,52,2025-09-16,2025-09-16 13:46:20,002953.SZ,S,13.030,200
1023,60,2025-09-16,2025-09-16 13:46:20,300308.SZ,S,400.990,300
1024,60,2025-09-16,2025-09-16 13:46:17,002048.SZ,S,34.720,300
1025,51,2025-09-16,2025-09-16 13:46:18,600869.SH,S,7.080,100
1026,61,2025-09-16,2025-09-16 13:46:14,002862.SZ,S,20.150,100
1027,44,2025-09-16,2025-09-16 13:46:07,300872.SZ,S,24.430,100
1028,44,2025-09-16,2025-09-16 13:46:01,000887.SZ,S,24.620,100
1029,44,2025-09-16,2025-09-16 13:45:59,301005.SZ,B,48.540,100
1030,44,2025-09-16,2025-09-16 13:45:59,300031.SZ,B,26.090,200
1031,44,2025-09-16,2025-09-16 13:45:58,300046.SZ,S,40.570,100
1032,60,2025-09-16,2025-09-16 13:45:57,002048.SZ,B,34.690,300
1033,60,2025-09-16,2025-09-16 13:45:57,002048.SZ,B,34.690,100
1034,60,2025-09-16,2025-09-16 13:45:57,002048.SZ,B,34.690,100
1035,60,2025-09-16,2025-09-16 13:45:57,002048.SZ,B,34.690,500
1036,60,2025-09-16,2025-09-16 13:45:57,002048.SZ,B,34.690,200
1037,60,2025-09-16,2025-09-16 13:45:56,002664.SZ,S,31.360,100
1038,44,2025-09-16,2025-09-16 13:45:49,300570.SZ,B,112.150,100
1039,60,2025-09-16,2025-09-16 13:45:42,300308.SZ,B,400.520,100
1040,60,2025-09-16,2025-09-16 13:45:33,300308.SZ,B,400.040,100
1041,44,2025-09-16,2025-09-16 13:45:30,300946.SZ,B,56.800,100
1042,60,2025-09-16,2025-09-16 13:45:29,300308.SZ,B,400.000,100
1043,44,2025-09-16,2025-09-16 13:45:26,688362.SH,S,35.210,200
1044,44,2025-09-16,2025-09-16 13:45:24,300763.SZ,S,83.470,100
1045,60,2025-09-16,2025-09-16 13:45:24,300763.SZ,S,83.470,500
1046,60,2025-09-16,2025-09-16 13:45:24,002384.SZ,S,79.400,100
1047,44,2025-09-16,2025-09-16 13:45:21,301029.SZ,B,30.200,100
1048,60,2025-09-16,2025-09-16 13:45:21,601689.SH,S,76.480,100
1049,60,2025-09-16,2025-09-16 13:45:21,301029.SZ,B,30.200,100
1050,60,2025-09-16,2025-09-16 13:45:21,601689.SH,S,76.480,100
1051,60,2025-09-16,2025-09-16 13:45:21,603019.SH,S,111.020,100
1052,44,2025-09-16,2025-09-16 13:45:17,603019.SH,S,111.040,100
1053,60,2025-09-16,2025-09-16 13:45:17,601689.SH,S,76.500,300
1054,44,2025-09-16,2025-09-16 13:45:12,300709.SZ,S,51.190,100
1055,60,2025-09-16,2025-09-16 13:45:09,300475.SZ,S,75.360,100
1056,44,2025-09-16,2025-09-16 13:45:08,688322.SH,S,95.700,300
1057,60,2025-09-16,2025-09-16 13:45:05,300475.SZ,S,75.440,100
1058,44,2025-09-16,2025-09-16 13:45:04,301217.SZ,S,33.290,100
1059,44,2025-09-16,2025-09-16 13:45:02,301101.SZ,B,48.300,100
1060,44,2025-09-16,2025-09-16 13:45:02,301270.SZ,B,40.800,100
1061,60,2025-09-16,2025-09-16 13:45:02,603848.SH,S,32.270,500
1062,60,2025-09-16,2025-09-16 13:45:01,601689.SH,B,76.310,100
1063,60,2025-09-16,2025-09-16 13:44:57,601689.SH,B,76.280,300
1064,60,2025-09-16,2025-09-16 13:44:56,300475.SZ,S,75.450,700
1065,44,2025-09-16,2025-09-16 13:44:55,603613.SH,B,32.980,100
1066,44,2025-09-16,2025-09-16 13:44:32,300620.SZ,S,99.420,100
1067,60,2025-09-16,2025-09-16 13:44:30,301363.SZ,B,28.130,1100
1068,44,2025-09-16,2025-09-16 13:44:27,300607.SZ,B,38.920,100
1069,44,2025-09-16,2025-09-16 13:44:22,300907.SZ,S,39.490,100
1070,60,2025-09-16,2025-09-16 13:44:19,300476.SZ,S,336.980,100
1071,44,2025-09-16,2025-09-16 13:44:18,300907.SZ,S,39.370,100
1072,60,2025-09-16,2025-09-16 13:44:17,002384.SZ,B,79.190,100
1073,60,2025-09-16,2025-09-16 13:44:16,601689.SH,S,76.140,400
1074,60,2025-09-16,2025-09-16 13:44:08,002664.SZ,B,31.310,100
1075,44,2025-09-16,2025-09-16 13:44:05,603063.SH,B,33.480,100
1076,44,2025-09-16,2025-09-16 13:44:04,300409.SZ,B,25.430,100
1077,44,2025-09-16,2025-09-16 13:44:00,300709.SZ,B,51.110,100
1078,44,2025-09-16,2025-09-16 13:43:57,300548.SZ,B,115.600,100
1079,44,2025-09-16,2025-09-16 13:43:55,300620.SZ,B,99.110,100
1080,44,2025-09-16,2025-09-16 13:43:54,300872.SZ,B,24.370,200
1081,44,2025-09-16,2025-09-16 13:43:54,603019.SH,B,110.720,100
1082,60,2025-09-16,2025-09-16 13:43:53,603019.SH,B,110.750,100
1083,44,2025-09-16,2025-09-16 13:43:47,000887.SZ,B,24.480,100
1084,44,2025-09-16,2025-09-16 13:43:43,002979.SZ,S,50.700,100
1085,44,2025-09-16,2025-09-16 13:43:35,300258.SZ,S,16.780,100
1086,49,2025-09-16,2025-09-16 13:43:30,601975.SH,B,3.240,200
1087,61,2025-09-16,2025-09-16 13:43:30,601975.SH,B,3.240,200
1088,44,2025-09-16,2025-09-16 13:43:30,300611.SZ,B,25.830,100
1089,44,2025-09-16,2025-09-16 13:43:30,603101.SH,B,12.420,100
1090,44,2025-09-16,2025-09-16 13:43:30,300857.SZ,S,155.660,100
1091,60,2025-09-16,2025-09-16 13:43:28,002048.SZ,S,34.360,300
1092,44,2025-09-16,2025-09-16 13:43:16,300619.SZ,B,34.530,100
1093,52,2025-09-16,2025-09-16 13:43:15,300390.SZ,B,22.880,200
1094,44,2025-09-16,2025-09-16 13:43:11,002979.SZ,B,50.650,100
1095,52,2025-09-16,2025-09-16 13:43:07,601975.SH,B,3.240,200
1096,44,2025-09-16,2025-09-16 13:43:04,688110.SH,S,122.450,300
1097,59,2025-09-16,2025-09-16 13:43:00,300390.SZ,B,22.880,500
1098,44,2025-09-16,2025-09-16 13:42:59,300258.SZ,B,16.690,100
1099,58,2025-09-16,2025-09-16 13:43:00,603613.SH,S,32.820,100
1100,61,2025-09-16,2025-09-16 13:42:56,600819.SH,B,6.960,100
1101,52,2025-09-16,2025-09-16 13:42:55,600031.SH,S,20.620,100
1102,60,2025-09-16,2025-09-16 13:42:50,002048.SZ,B,34.060,100
1103,60,2025-09-16,2025-09-16 13:42:50,002048.SZ,B,34.060,100
1104,61,2025-09-16,2025-09-16 13:42:49,002127.SZ,S,3.890,100
1105,58,2025-09-16,2025-09-16 13:42:48,002127.SZ,S,3.880,100
1106,58,2025-09-16,2025-09-16 13:42:48,300390.SZ,B,22.880,400
1107,58,2025-09-16,2025-09-16 13:42:48,300390.SZ,B,22.880,300
1108,44,2025-09-16,2025-09-16 13:42:48,301217.SZ,B,33.150,100
1109,44,2025-09-16,2025-09-16 13:42:47,300046.SZ,B,40.480,100
1110,60,2025-09-16,2025-09-16 13:42:46,002048.SZ,B,34.060,100
1111,52,2025-09-16,2025-09-16 13:42:35,002150.SZ,B,15.430,200
1112,58,2025-09-16,2025-09-16 13:42:35,002150.SZ,B,15.430,600
1113,60,2025-09-16,2025-09-16 13:42:34,601689.SH,B,76.000,100
1114,51,2025-09-16,2025-09-16 13:42:33,300390.SZ,B,22.850,400
1115,44,2025-09-16,2025-09-16 13:42:32,300857.SZ,B,155.180,100
1116,44,2025-09-16,2025-09-16 13:42:25,603678.SH,B,36.730,100
1117,61,2025-09-16,2025-09-16 13:42:22,300390.SZ,B,22.850,300
1118,52,2025-09-16,2025-09-16 13:42:18,002364.SZ,B,29.940,200
1119,58,2025-09-16,2025-09-16 13:42:19,002364.SZ,B,29.930,1000
1120,59,2025-09-16,2025-09-16 13:42:18,002364.SZ,B,29.930,200
1121,51,2025-09-16,2025-09-16 13:42:20,300390.SZ,B,22.850,400
1122,44,2025-09-16,2025-09-16 13:42:14,300113.SZ,B,25.090,100
1123,44,2025-09-16,2025-09-16 13:42:13,301489.SZ,B,222.260,100
1124,60,2025-09-16,2025-09-16 13:42:13,601689.SH,B,75.830,100
1125,44,2025-09-16,2025-09-16 13:42:12,301308.SZ,B,117.990,100
1126,60,2025-09-16,2025-09-16 13:42:12,601689.SH,B,75.830,100
1127,60,2025-09-16,2025-09-16 13:42:12,601689.SH,B,75.830,100
1128,44,2025-09-16,2025-09-16 13:42:09,300815.SZ,S,28.480,100
1129,58,2025-09-16,2025-09-16 13:42:05,002174.SZ,B,12.390,600
1130,44,2025-09-16,2025-09-16 13:42:05,300907.SZ,B,38.500,100
1131,44,2025-09-16,2025-09-16 13:42:05,688362.SH,B,35.090,200
1132,44,2025-09-16,2025-09-16 13:42:05,300815.SZ,S,28.480,200
1133,44,2025-09-16,2025-09-16 13:42:03,300672.SZ,S,95.210,100
1134,51,2025-09-16,2025-09-16 13:41:45,300390.SZ,B,22.860,100
1135,52,2025-09-16,2025-09-16 13:41:32,300432.SZ,B,15.790,200
1136,59,2025-09-16,2025-09-16 13:41:30,000813.SZ,S,4.690,100
1137,51,2025-09-16,2025-09-16 13:41:30,300390.SZ,B,22.850,100
1138,61,2025-09-16,2025-09-16 13:41:22,603986.SH,B,189.280,100
1139,61,2025-09-16,2025-09-16 13:41:02,000813.SZ,S,4.690,500
1140,61,2025-09-16,2025-09-16 13:40:44,603367.SH,S,21.430,200
1141,52,2025-09-16,2025-09-16 13:40:25,300092.SZ,S,17.140,300
1142,61,2025-09-16,2025-09-16 13:40:17,002150.SZ,B,15.450,600
1143,61,2025-09-16,2025-09-16 13:40:00,002150.SZ,B,15.450,100
1144,61,2025-09-16,2025-09-16 13:39:58,300633.SZ,S,35.720,100
1145,58,2025-09-16,2025-09-16 13:39:52,002164.SZ,S,14.020,500
1146,58,2025-09-16,2025-09-16 13:39:52,002164.SZ,S,14.020,200
1147,52,2025-09-16,2025-09-16 13:39:48,002164.SZ,S,14.020,400
1148,58,2025-09-16,2025-09-16 13:39:31,600367.SH,B,17.580,200
1149,58,2025-09-16,2025-09-16 13:39:27,603613.SH,S,32.870,100
1150,49,2025-09-16,2025-09-16 13:39:27,600367.SH,B,17.580,200
1151,61,2025-09-16,2025-09-16 13:39:24,002164.SZ,S,14.020,1300
1152,49,2025-09-16,2025-09-16 13:39:19,002150.SZ,B,15.440,200
1153,59,2025-09-16,2025-09-16 13:39:19,002150.SZ,B,15.440,100
1154,59,2025-09-16,2025-09-16 13:39:19,002150.SZ,B,15.440,200
1155,59,2025-09-16,2025-09-16 13:39:19,002150.SZ,B,15.440,100
1156,58,2025-09-16,2025-09-16 13:39:02,300213.SZ,S,12.080,400
1157,51,2025-09-16,2025-09-16 13:38:31,603002.SH,S,8.020,100
1158,61,2025-09-16,2025-09-16 13:38:17,688048.SH,B,74.870,109
1159,61,2025-09-16,2025-09-16 13:38:17,688048.SH,B,74.870,209
1160,61,2025-09-16,2025-09-16 13:38:17,688048.SH,B,74.870,37
1161,61,2025-09-16,2025-09-16 13:38:00,300092.SZ,S,17.140,300
1162,49,2025-09-16,2025-09-16 13:38:00,300092.SZ,S,17.140,100
1163,59,2025-09-16,2025-09-16 13:38:00,300092.SZ,S,17.140,100
1164,58,2025-09-16,2025-09-16 13:37:55,600239.SH,S,2.770,2500
1165,58,2025-09-16,2025-09-16 13:37:55,600239.SH,S,2.770,1100
1166,49,2025-09-16,2025-09-16 13:37:52,600026.SH,B,12.240,200
1167,51,2025-09-16,2025-09-16 13:37:46,002695.SZ,S,13.500,300
1168,58,2025-09-16,2025-09-16 13:37:41,300388.SZ,S,8.880,400
1169,52,2025-09-16,2025-09-16 13:37:39,000600.SZ,S,7.430,100
1170,61,2025-09-16,2025-09-16 13:37:34,603878.SH,B,7.080,200
1171,61,2025-09-16,2025-09-16 13:37:12,300980.SZ,S,26.510,300
1172,61,2025-09-16,2025-09-16 13:37:09,002174.SZ,B,12.360,500
1173,58,2025-09-16,2025-09-16 13:37:04,600239.SH,S,2.770,1100
1174,58,2025-09-16,2025-09-16 13:36:54,603613.SH,S,32.810,100
1175,49,2025-09-16,2025-09-16 13:36:53,002378.SZ,B,12.790,200
1176,52,2025-09-16,2025-09-16 13:34:16,601377.SH,B,6.420,200
1177,51,2025-09-16,2025-09-16 13:36:40,300388.SZ,S,8.870,100
1178,61,2025-09-16,2025-09-16 13:36:35,600819.SH,B,6.940,100
1179,58,2025-09-16,2025-09-16 13:36:33,603367.SH,S,21.450,100
1180,61,2025-09-16,2025-09-16 13:36:31,688048.SH,B,74.750,84
1181,52,2025-09-16,2025-09-16 13:35:58,002164.SZ,S,14.070,300
1182,58,2025-09-16,2025-09-16 13:36:24,300633.SZ,S,35.810,100
1183,61,2025-09-16,2025-09-16 13:36:01,603773.SH,S,37.420,100
1184,51,2025-09-16,2025-09-16 13:36:03,601011.SH,S,3.080,300
1185,59,2025-09-16,2025-09-16 13:36:01,603773.SH,S,37.420,100
1186,58,2025-09-16,2025-09-16 13:35:41,002164.SZ,S,14.100,800
1187,52,2025-09-16,2025-09-16 13:35:21,002695.SZ,S,13.500,100
1188,61,2025-09-16,2025-09-16 13:35:29,300213.SZ,S,11.850,1500
1189,49,2025-09-16,2025-09-16 13:35:29,300213.SZ,S,11.850,300
1190,59,2025-09-16,2025-09-16 13:35:29,300213.SZ,S,11.850,500
1191,51,2025-09-16,2025-09-16 13:35:25,300213.SZ,S,11.850,500
1192,51,2025-09-16,2025-09-16 13:35:24,688403.SH,S,13.040,200
1193,59,2025-09-16,2025-09-16 13:34:53,605196.SH,B,26.330,300
1194,59,2025-09-16,2025-09-16 13:34:53,605196.SH,B,26.330,100
1195,61,2025-09-16,2025-09-16 13:34:50,002378.SZ,S,12.790,200
1196,59,2025-09-16,2025-09-16 13:34:49,002378.SZ,S,12.790,200
1197,58,2025-09-16,2025-09-16 13:34:47,002164.SZ,S,14.100,600
1198,61,2025-09-16,2025-09-16 13:34:45,002922.SZ,S,21.190,100
1199,51,2025-09-16,2025-09-16 13:34:46,300980.SZ,S,26.490,200
1200,51,2025-09-16,2025-09-16 13:34:44,002164.SZ,S,14.100,600
1201,58,2025-09-16,2025-09-16 13:34:28,002164.SZ,S,14.120,200
1202,52,2025-09-16,2025-09-16 13:34:04,600026.SH,B,12.240,200
1203,58,2025-09-16,2025-09-16 13:34:27,002164.SZ,S,14.120,100
1204,58,2025-09-16,2025-09-16 13:34:26,002164.SZ,S,14.120,100
1205,61,2025-09-16,2025-09-16 13:34:25,300980.SZ,S,26.530,100
1206,61,2025-09-16,2025-09-16 13:34:25,300980.SZ,S,26.530,300
1207,61,2025-09-16,2025-09-16 13:34:25,300980.SZ,S,26.530,100
1208,49,2025-09-16,2025-09-16 13:34:25,300980.SZ,S,26.530,100
1209,59,2025-09-16,2025-09-16 13:34:25,300980.SZ,S,26.530,100
1210,59,2025-09-16,2025-09-16 13:34:25,300980.SZ,S,26.530,100
1211,59,2025-09-16,2025-09-16 13:34:25,300980.SZ,S,26.530,100
1212,59,2025-09-16,2025-09-16 13:34:21,002775.SZ,S,4.400,100
1213,61,2025-09-16,2025-09-16 13:34:21,002775.SZ,S,4.400,100
1214,49,2025-09-16,2025-09-16 13:34:21,002775.SZ,S,4.400,100
1215,61,2025-09-16,2025-09-16 13:34:09,000882.SZ,B,2.340,200
1216,49,2025-09-16,2025-09-16 13:33:57,002987.SZ,B,22.040,200
1217,58,2025-09-16,2025-09-16 13:33:57,300213.SZ,S,11.910,900
1218,52,2025-09-16,2025-09-16 13:33:54,300213.SZ,S,11.910,300
1219,58,2025-09-16,2025-09-16 13:33:55,300213.SZ,S,11.910,100
1220,58,2025-09-16,2025-09-16 13:33:45,600367.SH,B,17.540,400
1221,49,2025-09-16,2025-09-16 13:33:41,600211.SH,B,53.430,200
1222,49,2025-09-16,2025-09-16 13:33:35,600233.SH,B,19.160,200
1223,61,2025-09-16,2025-09-16 13:33:35,600233.SH,B,19.160,400
1224,61,2025-09-16,2025-09-16 13:33:29,603986.SH,B,187.290,100
1225,58,2025-09-16,2025-09-16 13:33:26,002378.SZ,B,12.760,400
1226,58,2025-09-16,2025-09-16 13:33:25,002378.SZ,B,12.760,200
1227,52,2025-09-16,2025-09-16 13:33:22,300390.SZ,B,22.790,400
1228,58,2025-09-16,2025-09-16 13:33:21,300390.SZ,B,22.790,600
1229,49,2025-09-16,2025-09-16 13:33:17,300390.SZ,B,22.790,200
1230,61,2025-09-16,2025-09-16 13:33:17,300390.SZ,B,22.790,500
1231,59,2025-09-16,2025-09-16 13:33:17,300390.SZ,B,22.790,300
1232,49,2025-09-16,2025-09-16 13:33:08,300510.SZ,S,4.570,100
1233,52,2025-09-16,2025-09-16 13:31:39,002378.SZ,S,12.770,200
1234,59,2025-09-16,2025-09-16 13:32:57,603613.SH,S,32.660,100
1235,58,2025-09-16,2025-09-16 13:32:56,601011.SH,S,3.070,100
1236,49,2025-09-16,2025-09-16 13:32:57,603613.SH,S,32.660,100
1237,61,2025-09-16,2025-09-16 13:32:57,603613.SH,S,32.660,200
1238,52,2025-09-16,2025-09-16 13:31:18,601011.SH,S,3.070,100
1239,58,2025-09-16,2025-09-16 13:32:55,002922.SZ,S,21.160,200
1240,61,2025-09-16,2025-09-16 13:32:55,002164.SZ,S,14.110,300
1241,61,2025-09-16,2025-09-16 13:32:55,002164.SZ,S,14.110,100
1242,61,2025-09-16,2025-09-16 13:32:55,002164.SZ,S,14.110,500
1243,49,2025-09-16,2025-09-16 13:32:55,002164.SZ,S,14.110,500
1244,61,2025-09-16,2025-09-16 13:32:55,002164.SZ,S,14.110,400
1245,59,2025-09-16,2025-09-16 13:32:55,002164.SZ,S,14.110,900
1246,52,2025-09-16,2025-09-16 13:32:52,000826.SZ,B,2.300,200
1247,52,2025-09-16,2025-09-16 13:32:44,603613.SH,S,32.650,100
1248,58,2025-09-16,2025-09-16 13:32:46,600239.SH,S,2.770,1500
1249,58,2025-09-16,2025-09-16 13:32:45,603613.SH,S,32.650,100
1250,52,2025-09-16,2025-09-16 13:32:33,301069.SZ,B,23.550,200
1251,61,2025-09-16,2025-09-16 13:32:30,002565.SZ,B,7.400,200
1252,52,2025-09-16,2025-09-16 13:32:16,002364.SZ,B,29.700,200
1253,58,2025-09-16,2025-09-16 13:32:11,000813.SZ,S,4.690,400
1254,52,2025-09-16,2025-09-16 13:31:25,300083.SZ,S,10.780,100
1255,52,2025-09-16,2025-09-16 13:32:09,000813.SZ,S,4.690,100
1256,61,2025-09-16,2025-09-16 13:32:07,002271.SZ,S,12.190,100
1257,52,2025-09-16,2025-09-16 13:31:40,600239.SH,S,2.770,1200
1258,49,2025-09-16,2025-09-16 13:32:03,600063.SH,B,5.890,200
1259,52,2025-09-16,2025-09-16 13:31:40,600239.SH,S,2.770,700
1260,49,2025-09-16,2025-09-16 13:31:39,300083.SZ,S,10.770,100
1261,61,2025-09-16,2025-09-16 13:31:39,300083.SZ,S,10.770,400
1262,59,2025-09-16,2025-09-16 13:31:39,300083.SZ,S,10.770,100
1263,52,2025-09-16,2025-09-16 13:31:35,301078.SZ,S,11.590,100
1264,52,2025-09-16,2025-09-16 13:31:34,300980.SZ,S,26.660,200
1265,58,2025-09-16,2025-09-16 13:31:34,300980.SZ,S,26.660,400
1266,58,2025-09-16,2025-09-16 13:31:34,300980.SZ,S,26.660,300
1267,59,2025-09-16,2025-09-16 13:31:33,601339.SH,S,5.520,100
1268,58,2025-09-16,2025-09-16 13:31:31,300083.SZ,S,10.770,400
1269,58,2025-09-16,2025-09-16 13:31:22,600239.SH,S,2.760,1100
1270,52,2025-09-16,2025-09-16 13:31:18,601919.SH,S,14.890,100
1271,52,2025-09-16,2025-09-16 13:31:18,002081.SZ,S,3.630,100
1272,59,2025-09-16,2025-09-16 13:31:18,002364.SZ,B,29.760,200
1273,51,2025-09-16,2025-09-16 13:31:19,002364.SZ,B,29.750,300
1274,58,2025-09-16,2025-09-16 13:31:16,002364.SZ,B,29.760,100
1275,58,2025-09-16,2025-09-16 13:31:16,002364.SZ,B,29.760,100
1276,58,2025-09-16,2025-09-16 13:31:16,002364.SZ,B,29.760,200
1277,58,2025-09-16,2025-09-16 13:31:16,002364.SZ,B,29.760,400
1278,58,2025-09-16,2025-09-16 13:31:16,002364.SZ,B,29.760,100
1279,61,2025-09-16,2025-09-16 13:31:15,002364.SZ,B,29.710,800
1280,61,2025-09-16,2025-09-16 13:31:15,600239.SH,S,2.750,7200
1281,49,2025-09-16,2025-09-16 13:31:15,002364.SZ,B,29.710,200
1282,61,2025-09-16,2025-09-16 13:31:15,600239.SH,S,2.750,600
1283,51,2025-09-16,2025-09-16 13:31:17,600239.SH,S,2.750,1100
1284,59,2025-09-16,2025-09-16 13:31:13,600239.SH,S,2.750,1800
1285,59,2025-09-16,2025-09-16 13:31:13,600239.SH,S,2.750,900
1286,59,2025-09-16,2025-09-16 13:31:13,600239.SH,S,2.750,200
1287,51,2025-09-16,2025-09-16 13:28:13,000519.SZ,B,18.230,200
1288,58,2025-09-16,2025-09-16 13:28:10,603367.SH,B,21.470,200
1289,61,2025-09-16,2025-09-16 13:28:07,603506.SH,S,15.680,300
1290,58,2025-09-16,2025-09-16 13:28:02,603773.SH,B,37.480,100
1291,52,2025-09-16,2025-09-16 13:28:00,000600.SZ,B,7.430,100
1292,61,2025-09-16,2025-09-16 13:27:58,600503.SH,S,3.710,100
1293,61,2025-09-16,2025-09-16 13:27:43,002741.SZ,B,23.050,300
1294,61,2025-09-16,2025-09-16 13:27:36,000032.SZ,S,23.100,100
1295,61,2025-09-16,2025-09-16 13:27:06,002741.SZ,B,23.050,300
1296,58,2025-09-16,2025-09-16 13:27:05,300092.SZ,B,17.160,400
1297,58,2025-09-16,2025-09-16 13:27:05,300092.SZ,B,17.160,100
1298,52,2025-09-16,2025-09-16 13:27:04,300092.SZ,B,17.160,500
1299,58,2025-09-16,2025-09-16 13:26:55,300092.SZ,B,17.140,200
1300,61,2025-09-16,2025-09-16 13:26:51,002436.SZ,S,22.330,500
1301,61,2025-09-16,2025-09-16 13:26:50,688778.SH,B,80.660,200
1302,58,2025-09-16,2025-09-16 13:26:34,002436.SZ,S,22.300,600
1303,49,2025-09-16,2025-09-16 13:26:34,601975.SH,S,3.240,100
1304,49,2025-09-16,2025-09-16 13:26:24,600063.SH,S,5.900,200
1305,61,2025-09-16,2025-09-16 13:26:08,300092.SZ,B,17.140,700
1306,61,2025-09-16,2025-09-16 13:26:06,600249.SH,B,6.300,200
1307,58,2025-09-16,2025-09-16 13:26:04,002436.SZ,S,22.300,1200
1308,59,2025-09-16,2025-09-16 13:26:04,002741.SZ,B,23.040,100
1309,59,2025-09-16,2025-09-16 13:26:04,002741.SZ,B,23.040,900
1310,61,2025-09-16,2025-09-16 13:26:03,002436.SZ,S,22.300,500
1311,61,2025-09-16,2025-09-16 13:26:03,002436.SZ,S,22.300,200
1312,61,2025-09-16,2025-09-16 13:26:03,002436.SZ,S,22.300,200
1313,61,2025-09-16,2025-09-16 13:26:03,002436.SZ,S,22.300,500
1314,52,2025-09-16,2025-09-16 13:26:03,002436.SZ,S,22.300,400
1315,59,2025-09-16,2025-09-16 13:26:03,002436.SZ,S,22.300,600
1316,49,2025-09-16,2025-09-16 13:26:02,002436.SZ,S,22.300,400
1317,61,2025-09-16,2025-09-16 13:25:51,002378.SZ,B,12.770,300
1318,61,2025-09-16,2025-09-16 13:25:51,002378.SZ,B,12.770,200
1319,61,2025-09-16,2025-09-16 13:25:51,002378.SZ,B,12.770,500
1320,61,2025-09-16,2025-09-16 13:25:49,002436.SZ,S,22.340,300
1321,59,2025-09-16,2025-09-16 13:25:49,002436.SZ,S,22.340,300
1322,61,2025-09-16,2025-09-16 13:25:47,300658.SZ,B,8.980,200
1323,61,2025-09-16,2025-09-16 13:25:29,603367.SH,B,21.510,400
1324,61,2025-09-16,2025-09-16 13:25:28,300438.SZ,S,32.540,300
1325,61,2025-09-16,2025-09-16 13:25:09,603506.SH,S,15.730,300
1326,61,2025-09-16,2025-09-16 13:25:07,000826.SZ,B,2.310,200
1327,61,2025-09-16,2025-09-16 13:25:05,300455.SZ,S,17.380,100
1328,49,2025-09-16,2025-09-16 13:25:02,601919.SH,B,14.890,100
1329,58,2025-09-16,2025-09-16 13:24:53,600367.SH,B,17.540,200
1330,61,2025-09-16,2025-09-16 13:24:51,002741.SZ,B,23.070,400
1331,51,2025-09-16,2025-09-16 13:24:33,600118.SH,S,36.710,100
1332,52,2025-09-16,2025-09-16 13:24:21,002741.SZ,B,23.070,300
1333,51,2025-09-16,2025-09-16 13:24:29,002436.SZ,S,22.400,500
1334,58,2025-09-16,2025-09-16 13:24:27,002436.SZ,S,22.430,700
1335,51,2025-09-16,2025-09-16 13:24:29,002436.SZ,S,22.430,100
1336,52,2025-09-16,2025-09-16 13:24:25,002436.SZ,S,22.430,200
1337,61,2025-09-16,2025-09-16 13:24:25,002436.SZ,S,22.430,500
1338,52,2025-09-16,2025-09-16 13:24:24,002741.SZ,B,23.090,300
1339,58,2025-09-16,2025-09-16 13:24:24,002150.SZ,B,15.400,200
1340,61,2025-09-16,2025-09-16 13:24:12,300738.SZ,S,22.490,100
1341,61,2025-09-16,2025-09-16 13:23:38,300450.SZ,B,52.660,200
1342,58,2025-09-16,2025-09-16 13:23:38,002741.SZ,B,23.100,400
1343,58,2025-09-16,2025-09-16 13:23:37,002741.SZ,B,23.100,600
1344,61,2025-09-16,2025-09-16 13:23:36,002741.SZ,B,23.110,400
1345,58,2025-09-16,2025-09-16 13:23:36,002741.SZ,B,23.100,100
1346,58,2025-09-16,2025-09-16 13:23:36,002741.SZ,B,23.100,800
1347,58,2025-09-16,2025-09-16 13:23:32,002174.SZ,B,12.350,200
1348,61,2025-09-16,2025-09-16 13:23:32,605196.SH,B,26.270,200
1349,49,2025-09-16,2025-09-16 13:23:32,605196.SH,B,26.270,100
1350,58,2025-09-16,2025-09-16 13:23:29,605196.SH,B,26.270,200
1351,61,2025-09-16,2025-09-16 13:23:28,300045.SZ,B,23.870,2100
1352,49,2025-09-16,2025-09-16 13:23:27,002741.SZ,B,23.100,300
1353,49,2025-09-16,2025-09-16 13:23:25,600367.SH,B,17.540,100
1354,61,2025-09-16,2025-09-16 13:23:25,002741.SZ,B,23.100,400
1355,61,2025-09-16,2025-09-16 13:23:24,600367.SH,B,17.540,1100
1356,52,2025-09-16,2025-09-16 13:23:24,300035.SZ,B,21.640,100
1357,59,2025-09-16,2025-09-16 13:23:25,002741.SZ,B,23.100,300
1358,59,2025-09-16,2025-09-16 13:23:24,600367.SH,B,17.540,700
1359,61,2025-09-16,2025-09-16 13:23:23,002741.SZ,B,23.100,100
1360,61,2025-09-16,2025-09-16 13:23:10,002303.SZ,S,4.420,100
1361,58,2025-09-16,2025-09-16 13:23:05,002378.SZ,B,12.760,300
1362,52,2025-09-16,2025-09-16 13:22:38,600239.SH,S,2.750,1700
1363,58,2025-09-16,2025-09-16 13:22:59,002431.SZ,B,2.790,200
1364,52,2025-09-16,2025-09-16 13:22:36,605196.SH,B,26.220,100
1365,58,2025-09-16,2025-09-16 13:22:58,600239.SH,S,2.750,1775
1366,58,2025-09-16,2025-09-16 13:22:57,600239.SH,S,2.750,3225
1367,51,2025-09-16,2025-09-16 13:22:56,000519.SZ,B,18.220,500
1368,52,2025-09-16,2025-09-16 13:22:46,600367.SH,B,17.540,200
1369,52,2025-09-16,2025-09-16 13:22:51,603506.SH,S,15.760,400
1370,58,2025-09-16,2025-09-16 13:22:51,603506.SH,S,15.760,1400
1371,61,2025-09-16,2025-09-16 13:22:50,603506.SH,S,15.760,400
1372,52,2025-09-16,2025-09-16 13:22:44,000519.SZ,B,18.220,100
1373,58,2025-09-16,2025-09-16 13:22:49,600595.SH,S,5.310,100
1374,58,2025-09-16,2025-09-16 13:22:49,600595.SH,S,5.310,100
1375,58,2025-09-16,2025-09-16 13:22:48,300703.SZ,B,34.600,100
1376,61,2025-09-16,2025-09-16 13:22:46,002378.SZ,B,12.770,600
1377,59,2025-09-16,2025-09-16 13:22:46,002378.SZ,B,12.770,700
1378,49,2025-09-16,2025-09-16 13:22:45,002378.SZ,B,12.770,100
1379,58,2025-09-16,2025-09-16 13:22:44,600239.SH,S,2.750,1300
1380,49,2025-09-16,2025-09-16 13:22:43,301099.SZ,B,40.860,100
1381,61,2025-09-16,2025-09-16 13:22:42,603773.SH,B,37.310,100
1382,61,2025-09-16,2025-09-16 13:22:36,300703.SZ,B,34.640,100
1383,61,2025-09-16,2025-09-16 13:22:36,300703.SZ,B,34.640,100
1384,61,2025-09-16,2025-09-16 13:22:36,002265.SZ,S,30.980,200
1385,59,2025-09-16,2025-09-16 13:22:22,301120.SZ,S,13.990,100
1386,58,2025-09-16,2025-09-16 13:22:08,600367.SH,B,17.550,700
1387,52,2025-09-16,2025-09-16 13:21:43,600367.SH,B,17.550,300
1388,52,2025-09-16,2025-09-16 13:16:18,000630.SZ,S,4.550,100
1389,61,2025-09-16,2025-09-16 13:22:04,600733.SH,B,8.730,200
1390,61,2025-09-16,2025-09-16 13:21:55,002236.SZ,S,18.610,100
1391,49,2025-09-16,2025-09-16 13:21:49,002436.SZ,S,22.360,200
1392,51,2025-09-16,2025-09-16 13:21:44,600367.SH,B,17.560,100
1393,58,2025-09-16,2025-09-16 13:21:40,603367.SH,B,21.530,200
1394,52,2025-09-16,2025-09-16 13:21:26,300916.SZ,B,43.160,100
1395,59,2025-09-16,2025-09-16 13:21:23,002265.SZ,S,31.020,100
1396,59,2025-09-16,2025-09-16 13:21:23,603773.SH,B,37.160,300
1397,61,2025-09-16,2025-09-16 13:21:23,603773.SH,B,37.170,300
1398,61,2025-09-16,2025-09-16 13:21:21,002265.SZ,S,31.020,100
1399,61,2025-09-16,2025-09-16 13:21:21,002265.SZ,S,31.020,200
1400,58,2025-09-16,2025-09-16 13:21:20,002265.SZ,S,31.020,300
1401,61,2025-09-16,2025-09-16 13:21:09,002150.SZ,B,15.410,200
1402,51,2025-09-16,2025-09-16 13:21:04,002922.SZ,S,21.270,100
1403,58,2025-09-16,2025-09-16 13:21:00,002436.SZ,S,22.460,500
1404,58,2025-09-16,2025-09-16 13:20:55,688778.SH,B,80.710,210
1405,59,2025-09-16,2025-09-16 13:20:52,002436.SZ,S,22.460,300
1406,61,2025-09-16,2025-09-16 13:20:52,002436.SZ,S,22.460,600
1407,52,2025-09-16,2025-09-16 13:20:48,002436.SZ,S,22.480,200
1408,58,2025-09-16,2025-09-16 13:20:50,000032.SZ,S,23.130,100
1409,58,2025-09-16,2025-09-16 13:20:50,000032.SZ,S,23.130,100
1410,51,2025-09-16,2025-09-16 13:20:48,002722.SZ,B,16.450,100
1411,49,2025-09-16,2025-09-16 13:20:44,300456.SZ,B,23.120,100
1412,58,2025-09-16,2025-09-16 13:20:44,603773.SH,B,37.160,100
1413,59,2025-09-16,2025-09-16 13:20:42,300092.SZ,B,17.150,400
1414,58,2025-09-16,2025-09-16 13:20:41,600239.SH,S,2.740,1700
1415,58,2025-09-16,2025-09-16 13:20:41,600239.SH,S,2.740,1700
1416,58,2025-09-16,2025-09-16 13:20:41,600239.SH,S,2.740,1100
1417,58,2025-09-16,2025-09-16 13:20:41,600239.SH,S,2.740,1100
1418,52,2025-09-16,2025-09-16 13:16:48,600239.SH,S,2.740,1100
1419,52,2025-09-16,2025-09-16 13:16:45,600239.SH,S,2.740,1100
1420,51,2025-09-16,2025-09-16 13:20:37,603328.SH,B,12.030,100
1421,49,2025-09-16,2025-09-16 13:20:33,603698.SH,B,20.090,100
1422,61,2025-09-16,2025-09-16 13:20:32,603698.SH,B,20.090,200
1423,51,2025-09-16,2025-09-16 13:20:30,300390.SZ,B,22.820,100
1424,51,2025-09-16,2025-09-16 13:20:28,688778.SH,B,80.650,385
1425,52,2025-09-16,2025-09-16 13:20:15,601377.SH,S,6.430,100
1426,51,2025-09-16,2025-09-16 13:20:13,000519.SZ,B,18.240,200
1427,51,2025-09-16,2025-09-16 13:20:04,600221.SH,B,1.670,100
1428,52,2025-09-16,2025-09-16 13:19:55,603335.SH,S,5.830,400
1429,52,2025-09-16,2025-09-16 13:19:55,603335.SH,S,5.830,200
1430,52,2025-09-16,2025-09-16 13:19:55,603335.SH,S,5.830,100
1431,51,2025-09-16,2025-09-16 13:19:56,300197.SZ,B,2.530,400
1432,58,2025-09-16,2025-09-16 13:19:47,300539.SZ,S,38.660,100
1433,58,2025-09-16,2025-09-16 13:19:46,603698.SH,B,20.100,200
1434,61,2025-09-16,2025-09-16 13:19:42,600239.SH,S,2.730,12700
1435,59,2025-09-16,2025-09-16 13:19:42,600239.SH,S,2.730,4600
1436,51,2025-09-16,2025-09-16 13:19:44,600239.SH,S,2.730,5000
1437,59,2025-09-16,2025-09-16 13:19:40,300539.SZ,S,38.640,100
1438,49,2025-09-16,2025-09-16 13:19:40,300539.SZ,S,38.640,100
1439,61,2025-09-16,2025-09-16 13:19:40,300539.SZ,S,38.640,300
1440,59,2025-09-16,2025-09-16 13:19:34,603506.SH,S,15.780,500
1441,49,2025-09-16,2025-09-16 13:19:34,603506.SH,S,15.780,200
1442,61,2025-09-16,2025-09-16 13:19:34,603506.SH,S,15.780,500
1443,51,2025-09-16,2025-09-16 13:19:34,300738.SZ,B,22.530,100
1444,51,2025-09-16,2025-09-16 13:19:34,605196.SH,S,26.280,100
1445,58,2025-09-16,2025-09-16 13:19:16,600653.SH,B,2.330,200
1446,58,2025-09-16,2025-09-16 13:19:11,600858.SH,S,6.070,100
1447,49,2025-09-16,2025-09-16 13:19:09,600751.SH,S,4.650,100
1448,61,2025-09-16,2025-09-16 13:19:09,600751.SH,S,4.650,100
1449,59,2025-09-16,2025-09-16 13:19:09,600751.SH,S,4.650,100
1450,58,2025-09-16,2025-09-16 13:19:09,002918.SZ,S,14.340,600
1451,51,2025-09-16,2025-09-16 13:19:10,002918.SZ,S,14.350,100
1452,61,2025-09-16,2025-09-16 13:19:00,300642.SZ,B,26.310,200
1453,61,2025-09-16,2025-09-16 13:18:54,000753.SZ,B,6.900,600
1454,49,2025-09-16,2025-09-16 13:18:45,603699.SH,B,35.330,100
1455,52,2025-09-16,2025-09-16 13:18:29,002436.SZ,S,22.260,200
1456,52,2025-09-16,2025-09-16 13:18:28,301069.SZ,S,23.760,100
1457,58,2025-09-16,2025-09-16 13:18:24,000753.SZ,B,6.900,100
1458,58,2025-09-16,2025-09-16 13:18:24,000753.SZ,B,6.900,300
1459,61,2025-09-16,2025-09-16 13:18:23,300092.SZ,B,17.170,200
1460,49,2025-09-16,2025-09-16 13:18:23,300092.SZ,B,17.170,100
1461,61,2025-09-16,2025-09-16 13:18:23,300092.SZ,B,17.170,200
1462,49,2025-09-16,2025-09-16 13:18:23,300092.SZ,B,17.170,200
1463,58,2025-09-16,2025-09-16 13:18:16,301099.SZ,B,40.990,200
1464,52,2025-09-16,2025-09-16 13:18:01,301099.SZ,B,40.990,100
1465,59,2025-09-16,2025-09-16 13:18:10,002436.SZ,S,22.230,400
1466,58,2025-09-16,2025-09-16 13:18:09,002436.SZ,S,22.230,985
1467,58,2025-09-16,2025-09-16 13:18:09,002436.SZ,S,22.230,15
1468,49,2025-09-16,2025-09-16 13:18:10,002436.SZ,S,22.230,200
1469,61,2025-09-16,2025-09-16 13:18:08,002436.SZ,S,22.230,1000
1470,58,2025-09-16,2025-09-16 13:18:08,002378.SZ,B,12.800,600
1471,52,2025-09-16,2025-09-16 13:18:00,002378.SZ,B,12.800,500
1472,61,2025-09-16,2025-09-16 13:17:54,002364.SZ,B,30.180,300
1473,59,2025-09-16,2025-09-16 13:17:52,002364.SZ,B,30.170,300
1474,58,2025-09-16,2025-09-16 13:17:52,000592.SZ,B,3.370,200
1475,61,2025-09-16,2025-09-16 13:17:51,002859.SZ,S,32.800,100
1476,49,2025-09-16,2025-09-16 13:17:46,603335.SH,S,5.800,400
1477,52,2025-09-16,2025-09-16 13:17:46,002364.SZ,B,30.180,100
1478,59,2025-09-16,2025-09-16 13:17:45,603335.SH,S,5.800,900
1479,52,2025-09-16,2025-09-16 13:17:43,300432.SZ,S,15.950,100
1480,61,2025-09-16,2025-09-16 13:17:44,603335.SH,S,5.800,2500
1481,59,2025-09-16,2025-09-16 13:17:34,603032.SH,S,22.570,100
1482,61,2025-09-16,2025-09-16 13:17:34,603032.SH,S,22.570,200
1483,61,2025-09-16,2025-09-16 13:17:34,603032.SH,S,22.570,100
1484,49,2025-09-16,2025-09-16 13:17:34,603032.SH,S,22.570,100
1485,52,2025-09-16,2025-09-16 13:17:32,000426.SZ,S,25.400,100
1486,51,2025-09-16,2025-09-16 13:17:32,300703.SZ,B,34.440,100
1487,61,2025-09-16,2025-09-16 13:17:29,000980.SZ,B,3.590,200
1488,61,2025-09-16,2025-09-16 13:17:23,300486.SZ,S,22.330,100
1489,52,2025-09-16,2025-09-16 13:16:18,000959.SZ,B,4.560,100
1490,58,2025-09-16,2025-09-16 13:17:07,300486.SZ,S,22.340,100
1491,51,2025-09-16,2025-09-16 13:17:07,002008.SZ,S,40.250,200
1492,58,2025-09-16,2025-09-16 13:17:03,002364.SZ,B,30.190,200
1493,51,2025-09-16,2025-09-16 13:17:00,688403.SH,B,13.080,320
1494,58,2025-09-16,2025-09-16 13:16:58,688778.SH,B,80.970,200
1495,58,2025-09-16,2025-09-16 13:16:57,300703.SZ,B,34.460,300
1496,58,2025-09-16,2025-09-16 13:16:55,002364.SZ,B,30.220,200
1497,61,2025-09-16,2025-09-16 13:16:52,002364.SZ,B,30.190,300
1498,49,2025-09-16,2025-09-16 13:16:52,002364.SZ,B,30.190,100
1499,58,2025-09-16,2025-09-16 13:16:47,603335.SH,S,5.810,2300
1500,58,2025-09-16,2025-09-16 13:16:45,600819.SH,B,6.950,200
1501,51,2025-09-16,2025-09-16 13:16:45,603335.SH,S,5.810,800
1502,58,2025-09-16,2025-09-16 13:16:37,688778.SH,B,80.970,200
1503,59,2025-09-16,2025-09-16 13:16:33,603305.SH,S,17.250,300
1504,61,2025-09-16,2025-09-16 13:16:33,603305.SH,S,17.250,900
1505,49,2025-09-16,2025-09-16 13:16:33,603305.SH,S,17.250,100
1506,49,2025-09-16,2025-09-16 13:16:32,300510.SZ,B,4.570,100
1507,49,2025-09-16,2025-09-16 13:16:31,002918.SZ,S,14.300,200
1508,61,2025-09-16,2025-09-16 13:16:31,002918.SZ,S,14.300,300
1509,59,2025-09-16,2025-09-16 13:16:31,002918.SZ,S,14.300,100
1510,58,2025-09-16,2025-09-16 13:16:26,300683.SZ,B,40.100,200
1511,51,2025-09-16,2025-09-16 13:16:28,603506.SH,S,15.930,400
1512,61,2025-09-16,2025-09-16 13:16:25,600595.SH,S,5.320,400
1513,49,2025-09-16,2025-09-16 13:16:25,600595.SH,S,5.320,100
1514,52,2025-09-16,2025-09-16 13:16:25,300683.SZ,B,40.100,100
1515,59,2025-09-16,2025-09-16 13:16:25,600595.SH,S,5.320,100
1516,58,2025-09-16,2025-09-16 13:16:23,603305.SH,S,17.280,900
1517,52,2025-09-16,2025-09-16 13:16:21,603305.SH,S,17.280,200
1518,52,2025-09-16,2025-09-16 13:16:21,601919.SH,B,14.890,100
1519,58,2025-09-16,2025-09-16 13:16:20,300539.SZ,S,38.930,200
1520,58,2025-09-16,2025-09-16 13:16:16,000426.SZ,S,25.400,100
1521,61,2025-09-16,2025-09-16 13:16:15,002918.SZ,S,14.300,100
1522,61,2025-09-16,2025-09-16 13:16:15,002918.SZ,S,14.300,100
1523,61,2025-09-16,2025-09-16 13:16:15,002918.SZ,S,14.300,100
1524,51,2025-09-16,2025-09-16 13:16:15,600819.SH,B,6.960,100
1525,61,2025-09-16,2025-09-16 13:16:13,000426.SZ,S,25.400,100
1526,51,2025-09-16,2025-09-16 13:16:15,000426.SZ,S,25.400,100
1527,52,2025-09-16,2025-09-16 13:13:29,002081.SZ,B,3.630,100
1528,51,2025-09-16,2025-09-16 13:13:22,002065.SZ,B,9.780,500
1529,61,2025-09-16,2025-09-16 13:13:17,300568.SZ,B,14.180,700
1530,59,2025-09-16,2025-09-16 13:13:12,001359.SZ,B,53.000,100
1531,49,2025-09-16,2025-09-16 13:13:08,601398.SH,S,7.470,200
1532,51,2025-09-16,2025-09-16 13:13:09,600748.SH,B,4.500,100
1533,51,2025-09-16,2025-09-16 13:12:40,688335.SH,S,19.870,200
1534,51,2025-09-16,2025-09-16 13:12:28,688335.SH,S,19.860,200
1535,51,2025-09-16,2025-09-16 13:12:26,688335.SH,S,19.820,100
1536,51,2025-09-16,2025-09-16 13:12:25,688335.SH,S,19.820,300
1537,58,2025-09-16,2025-09-16 13:12:23,600503.SH,S,3.710,5000
1538,58,2025-09-16,2025-09-16 13:12:23,600503.SH,S,3.710,300
1539,61,2025-09-16,2025-09-16 13:12:10,300942.SZ,B,11.330,300
1540,61,2025-09-16,2025-09-16 13:12:10,300942.SZ,B,11.330,200
1541,51,2025-09-16,2025-09-16 13:12:05,601658.SH,B,6.210,100
1542,52,2025-09-16,2025-09-16 13:12:01,601377.SH,B,6.430,100
1543,49,2025-09-16,2025-09-16 13:11:37,600406.SH,S,22.160,100
1544,61,2025-09-16,2025-09-16 13:11:29,600858.SH,S,6.070,500
1545,61,2025-09-16,2025-09-16 13:11:18,600858.SH,S,6.070,200
1546,51,2025-09-16,2025-09-16 13:11:13,600967.SH,B,19.340,400
1547,58,2025-09-16,2025-09-16 13:11:09,300916.SZ,B,43.340,100
1548,61,2025-09-16,2025-09-16 13:11:07,603032.SH,B,22.510,200
1549,61,2025-09-16,2025-09-16 13:11:02,603219.SH,S,19.990,200
1550,61,2025-09-16,2025-09-16 13:10:55,603032.SH,B,22.510,100
1551,61,2025-09-16,2025-09-16 13:10:55,603032.SH,B,22.510,100
1552,59,2025-09-16,2025-09-16 13:10:50,300035.SZ,B,21.610,300
1553,51,2025-09-16,2025-09-16 13:10:42,002674.SZ,S,14.400,400
1554,49,2025-09-16,2025-09-16 13:10:40,300347.SZ,B,60.830,200
1555,52,2025-09-16,2025-09-16 13:07:18,002476.SZ,B,5.430,100
1556,61,2025-09-16,2025-09-16 13:10:33,002265.SZ,B,30.910,200
1557,49,2025-09-16,2025-09-16 13:10:31,000778.SZ,S,3.840,100
1558,51,2025-09-16,2025-09-16 13:10:28,688335.SH,S,19.900,365
1559,61,2025-09-16,2025-09-16 13:10:20,301120.SZ,S,13.980,400
1560,59,2025-09-16,2025-09-16 13:10:15,003020.SZ,S,29.470,100
1561,61,2025-09-16,2025-09-16 13:10:14,603367.SH,B,21.500,200
1562,49,2025-09-16,2025-09-16 13:10:11,601919.SH,S,14.890,100
1563,61,2025-09-16,2025-09-16 13:09:51,300409.SZ,S,25.630,100
1564,61,2025-09-16,2025-09-16 13:09:48,300438.SZ,B,32.520,800
1565,59,2025-09-16,2025-09-16 13:09:35,300035.SZ,B,21.610,300
1566,61,2025-09-16,2025-09-16 13:09:32,688221.SH,S,15.170,594
1567,49,2025-09-16,2025-09-16 13:09:28,600503.SH,S,3.710,1900
1568,61,2025-09-16,2025-09-16 13:09:27,600503.SH,S,3.710,6800
1569,61,2025-09-16,2025-09-16 13:09:27,600503.SH,S,3.710,3200
1570,59,2025-09-16,2025-09-16 13:09:27,600503.SH,S,3.710,3700
1571,61,2025-09-16,2025-09-16 13:09:25,000659.SZ,B,2.980,200
1572,61,2025-09-16,2025-09-16 13:09:17,300916.SZ,B,43.270,100
1573,58,2025-09-16,2025-09-16 13:09:12,603219.SH,S,19.860,200
1574,61,2025-09-16,2025-09-16 13:09:12,300916.SZ,B,43.270,100
1575,58,2025-09-16,2025-09-16 13:09:04,603773.SH,B,37.100,100
1576,49,2025-09-16,2025-09-16 13:08:59,603699.SH,S,35.400,100
1577,51,2025-09-16,2025-09-16 13:09:01,688772.SH,B,22.430,349
1578,52,2025-09-16,2025-09-16 13:08:58,300084.SZ,B,8.760,100
1579,52,2025-09-16,2025-09-16 13:08:58,002741.SZ,B,23.090,100
1580,51,2025-09-16,2025-09-16 13:08:58,002527.SZ,S,21.110,200
1581,61,2025-09-16,2025-09-16 13:08:53,603381.SH,B,24.510,200
1582,51,2025-09-16,2025-09-16 13:08:55,002378.SZ,B,12.760,200
1583,61,2025-09-16,2025-09-16 13:08:34,300035.SZ,B,21.620,800
1584,59,2025-09-16,2025-09-16 13:08:33,603032.SH,B,22.480,300
1585,52,2025-09-16,2025-09-16 13:06:52,603518.SH,B,10.210,100
1586,61,2025-09-16,2025-09-16 13:08:32,300738.SZ,S,22.500,900
1587,49,2025-09-16,2025-09-16 13:08:32,300738.SZ,S,22.500,200
1588,59,2025-09-16,2025-09-16 13:08:32,300738.SZ,S,22.500,300
1589,61,2025-09-16,2025-09-16 13:08:28,300035.SZ,B,21.620,200
1590,61,2025-09-16,2025-09-16 13:08:28,300035.SZ,B,21.620,200
1591,61,2025-09-16,2025-09-16 13:08:26,300035.SZ,B,21.600,200
1592,59,2025-09-16,2025-09-16 13:08:12,300568.SZ,B,14.080,600
1593,49,2025-09-16,2025-09-16 13:08:09,603305.SH,S,16.870,200
1594,61,2025-09-16,2025-09-16 13:08:08,603305.SH,S,16.870,800
1595,59,2025-09-16,2025-09-16 13:08:08,603305.SH,S,16.870,300
1596,61,2025-09-16,2025-09-16 13:08:00,002484.SZ,S,33.320,100
1597,52,2025-09-16,2025-09-16 13:07:56,301078.SZ,B,11.600,100
1598,61,2025-09-16,2025-09-16 13:07:47,300568.SZ,B,14.090,400
1599,61,2025-09-16,2025-09-16 13:07:46,300568.SZ,B,14.090,600
1600,52,2025-09-16,2025-09-16 13:05:49,000936.SZ,B,7.880,100
1601,51,2025-09-16,2025-09-16 13:07:42,600503.SH,B,3.710,100
1602,52,2025-09-16,2025-09-16 13:07:40,002659.SZ,B,5.920,100
1603,52,2025-09-16,2025-09-16 13:07:25,600031.SH,B,20.640,100
1604,52,2025-09-16,2025-09-16 13:07:39,000913.SZ,B,17.670,100
1605,49,2025-09-16,2025-09-16 13:07:39,002265.SZ,B,30.780,100
1606,49,2025-09-16,2025-09-16 13:07:39,300035.SZ,B,21.590,200
1607,52,2025-09-16,2025-09-16 13:07:37,000878.SZ,S,15.810,200
1608,58,2025-09-16,2025-09-16 13:07:37,300916.SZ,B,43.250,100
1609,58,2025-09-16,2025-09-16 13:07:34,601311.SH,B,11.030,200
1610,52,2025-09-16,2025-09-16 13:07:31,002065.SZ,B,9.760,300
1611,61,2025-09-16,2025-09-16 13:07:30,300035.SZ,B,21.580,200
1612,52,2025-09-16,2025-09-16 13:07:28,300568.SZ,B,14.080,300
1613,52,2025-09-16,2025-09-16 13:06:11,300942.SZ,B,11.340,100
1614,59,2025-09-16,2025-09-16 13:07:23,000878.SZ,S,15.810,200
1615,49,2025-09-16,2025-09-16 13:07:23,000878.SZ,S,15.810,100
1616,61,2025-09-16,2025-09-16 13:07:23,000878.SZ,S,15.810,600
1617,61,2025-09-16,2025-09-16 13:07:17,300035.SZ,B,21.580,200
1618,61,2025-09-16,2025-09-16 13:07:17,300942.SZ,B,11.350,300
1619,52,2025-09-16,2025-09-16 13:07:16,603032.SH,B,22.470,100
1620,61,2025-09-16,2025-09-16 13:07:12,688048.SH,S,75.200,117
1621,58,2025-09-16,2025-09-16 13:07:11,300568.SZ,B,14.090,2600
1622,58,2025-09-16,2025-09-16 13:07:08,688218.SH,B,26.980,1006
1623,61,2025-09-16,2025-09-16 13:07:08,300035.SZ,B,21.590,300
1624,52,2025-09-16,2025-09-16 13:07:07,002036.SZ,B,11.500,100
1625,58,2025-09-16,2025-09-16 13:07:00,603032.SH,B,22.470,500
1626,61,2025-09-16,2025-09-16 13:06:59,603032.SH,B,22.470,200
1627,49,2025-09-16,2025-09-16 13:06:59,603032.SH,B,22.470,200
1628,49,2025-09-16,2025-09-16 13:06:54,300486.SZ,S,22.030,100
1629,61,2025-09-16,2025-09-16 13:06:54,300486.SZ,S,22.030,100
