,fund_id,trade_dt,trade_time,s_info_windcode,direction,price,qty
0,52,2025-09-11,2025-09-11 14:56:28,688128.SH,S,29.830,246
1,58,2025-09-11,2025-09-11 14:56:29,002167.SZ,S,14.800,600
2,58,2025-09-11,2025-09-11 14:56:29,688128.SH,S,29.830,252
3,61,2025-09-11,2025-09-11 14:56:29,300083.SZ,B,10.630,1800
4,61,2025-09-11,2025-09-11 14:56:29,300083.SZ,B,10.630,100
5,61,2025-09-11,2025-09-11 14:56:29,300083.SZ,B,10.630,1400
6,58,2025-09-11,2025-09-11 14:56:29,688128.SH,S,29.830,470
7,51,2025-09-11,2025-09-11 14:56:29,000017.SZ,S,7.120,301
8,51,2025-09-11,2025-09-11 14:56:29,000017.SZ,S,7.120,100
9,51,2025-09-11,2025-09-11 14:56:27,000017.SZ,S,7.120,199
10,51,2025-09-11,2025-09-11 14:56:27,300003.SZ,B,18.040,200
11,58,2025-09-11,2025-09-11 14:56:22,603657.SH,S,42.270,200
12,58,2025-09-11,2025-09-11 14:56:22,002090.SZ,S,10.770,1500
13,61,2025-09-11,2025-09-11 14:56:20,000017.SZ,S,7.110,600
14,61,2025-09-11,2025-09-11 14:56:20,000017.SZ,S,7.110,400
15,61,2025-09-11,2025-09-11 14:56:20,002167.SZ,S,14.800,100
16,61,2025-09-11,2025-09-11 14:56:20,002167.SZ,S,14.800,200
17,59,2025-09-11,2025-09-11 14:56:16,603113.SH,B,7.580,100
18,49,2025-09-11,2025-09-11 14:56:16,300806.SZ,B,24.650,200
19,59,2025-09-11,2025-09-11 14:56:15,000017.SZ,S,7.110,400
20,59,2025-09-11,2025-09-11 14:56:15,002167.SZ,S,14.800,200
21,51,2025-09-11,2025-09-11 14:56:19,688128.SH,S,29.830,257
22,51,2025-09-11,2025-09-11 14:56:19,688128.SH,S,29.830,99
23,61,2025-09-11,2025-09-11 14:56:15,000017.SZ,S,7.110,400
24,61,2025-09-11,2025-09-11 14:56:15,002167.SZ,S,14.800,300
25,49,2025-09-11,2025-09-11 14:56:15,000017.SZ,S,7.110,500
26,61,2025-09-11,2025-09-11 14:56:15,000017.SZ,S,7.110,600
27,59,2025-09-11,2025-09-11 14:56:13,300990.SZ,B,80.970,100
28,59,2025-09-11,2025-09-11 14:56:12,002090.SZ,S,10.770,100
29,59,2025-09-11,2025-09-11 14:56:12,002090.SZ,S,10.770,600
30,61,2025-09-11,2025-09-11 14:56:12,600233.SH,B,18.610,400
31,61,2025-09-11,2025-09-11 14:56:12,600233.SH,B,18.610,400
32,49,2025-09-11,2025-09-11 14:56:11,002090.SZ,S,10.770,600
33,61,2025-09-11,2025-09-11 14:56:11,002090.SZ,S,10.770,2100
34,51,2025-09-11,2025-09-11 14:56:14,001222.SZ,S,26.020,100
35,61,2025-09-11,2025-09-11 14:56:09,300806.SZ,B,24.660,300
36,61,2025-09-11,2025-09-11 14:56:09,300806.SZ,B,24.660,100
37,61,2025-09-11,2025-09-11 14:56:09,300806.SZ,B,24.660,400
38,61,2025-09-11,2025-09-11 14:56:09,300806.SZ,B,24.660,200
39,61,2025-09-11,2025-09-11 14:56:09,300806.SZ,B,24.660,200
40,61,2025-09-11,2025-09-11 14:56:08,688128.SH,S,29.820,774
41,49,2025-09-11,2025-09-11 14:56:08,688128.SH,S,29.820,238
42,52,2025-09-11,2025-09-11 14:56:05,000709.SZ,S,2.430,100
43,59,2025-09-11,2025-09-11 14:56:00,600233.SH,B,18.610,100
44,59,2025-09-11,2025-09-11 14:56:00,688128.SH,S,29.820,284
45,61,2025-09-11,2025-09-11 14:56:00,000833.SZ,S,13.990,300
46,51,2025-09-11,2025-09-11 14:56:04,603659.SH,S,26.560,400
47,51,2025-09-11,2025-09-11 14:55:47,002090.SZ,S,10.780,1100
48,58,2025-09-11,2025-09-11 14:55:00,600928.SH,B,4.340,400
49,58,2025-09-11,2025-09-11 14:55:00,600928.SH,B,4.340,200
50,58,2025-09-11,2025-09-11 14:54:57,600928.SH,B,4.340,200
51,51,2025-09-11,2025-09-11 14:54:43,603098.SH,S,16.160,100
52,51,2025-09-11,2025-09-11 14:54:43,603098.SH,S,16.160,500
53,58,2025-09-11,2025-09-11 14:54:40,000017.SZ,S,7.110,800
54,51,2025-09-11,2025-09-11 14:54:32,002273.SZ,B,26.700,300
55,49,2025-09-11,2025-09-11 14:54:26,000833.SZ,S,13.990,100
56,59,2025-09-11,2025-09-11 14:54:26,000833.SZ,S,13.990,100
57,58,2025-09-11,2025-09-11 14:54:05,603098.SH,S,16.160,200
58,52,2025-09-11,2025-09-11 14:54:04,603098.SH,S,16.160,200
59,51,2025-09-11,2025-09-11 14:54:03,603993.SH,B,12.980,300
60,61,2025-09-11,2025-09-11 14:53:58,600480.SH,B,13.780,200
61,61,2025-09-11,2025-09-11 14:53:45,601872.SH,B,8.060,700
62,59,2025-09-11,2025-09-11 14:53:32,601872.SH,B,8.060,300
63,58,2025-09-11,2025-09-11 14:53:27,000833.SZ,S,14.000,300
64,52,2025-09-11,2025-09-11 14:52:48,000833.SZ,S,14.000,100
65,52,2025-09-11,2025-09-11 14:52:42,300806.SZ,B,24.640,100
66,52,2025-09-11,2025-09-11 14:52:42,300806.SZ,B,24.640,400
67,58,2025-09-11,2025-09-11 14:53:04,300083.SZ,B,10.620,1400
68,52,2025-09-11,2025-09-11 14:53:03,300083.SZ,B,10.620,700
69,59,2025-09-11,2025-09-11 14:52:59,600105.SH,S,10.970,200
70,61,2025-09-11,2025-09-11 14:52:59,600105.SH,S,10.970,400
71,49,2025-09-11,2025-09-11 14:52:59,600105.SH,S,10.970,100
72,52,2025-09-11,2025-09-11 14:52:38,002090.SZ,S,10.770,1100
73,59,2025-09-11,2025-09-11 14:52:47,300806.SZ,B,24.660,200
74,59,2025-09-11,2025-09-11 14:52:44,300324.SZ,S,6.670,200
75,61,2025-09-11,2025-09-11 14:52:44,300324.SZ,S,6.670,700
76,49,2025-09-11,2025-09-11 14:52:44,300324.SZ,S,6.670,200
77,49,2025-09-11,2025-09-11 14:52:42,300806.SZ,B,24.650,200
78,58,2025-09-11,2025-09-11 14:52:35,300806.SZ,B,24.650,800
79,49,2025-09-11,2025-09-11 14:52:34,300559.SZ,S,15.640,100
80,58,2025-09-11,2025-09-11 14:52:30,300682.SZ,B,23.400,100
81,51,2025-09-11,2025-09-11 14:52:29,002407.SZ,S,17.600,200
82,61,2025-09-11,2025-09-11 14:52:14,601872.SH,B,8.070,600
83,61,2025-09-11,2025-09-11 14:52:09,688327.SH,B,16.580,648
84,51,2025-09-11,2025-09-11 14:52:09,600415.SH,B,20.130,400
85,51,2025-09-11,2025-09-11 14:52:07,600415.SH,B,20.130,300
86,61,2025-09-11,2025-09-11 14:51:58,603657.SH,S,42.500,200
87,59,2025-09-11,2025-09-11 14:51:48,600866.SH,B,7.680,100
88,51,2025-09-11,2025-09-11 14:51:50,301002.SZ,S,35.770,100
89,61,2025-09-11,2025-09-11 14:51:44,600513.SH,B,21.900,200
90,52,2025-09-11,2025-09-11 14:51:16,600392.SH,S,22.600,100
91,58,2025-09-11,2025-09-11 14:51:16,600392.SH,S,22.600,100
92,61,2025-09-11,2025-09-11 14:51:10,600392.SH,S,22.600,100
93,61,2025-09-11,2025-09-11 14:51:10,600392.SH,S,22.600,100
94,49,2025-09-11,2025-09-11 14:51:10,600392.SH,S,22.600,100
95,58,2025-09-11,2025-09-11 14:51:06,002537.SZ,B,9.590,100
96,61,2025-09-11,2025-09-11 14:51:01,301316.SZ,B,60.780,200
97,49,2025-09-11,2025-09-11 14:51:00,601872.SH,S,8.070,100
98,61,2025-09-11,2025-09-11 14:50:50,002090.SZ,S,10.770,900
99,61,2025-09-11,2025-09-11 14:50:50,002090.SZ,S,10.770,1000
100,61,2025-09-11,2025-09-11 14:50:49,002090.SZ,S,10.770,200
101,59,2025-09-11,2025-09-11 14:50:46,002090.SZ,S,10.770,800
102,49,2025-09-11,2025-09-11 14:50:46,002090.SZ,S,10.770,600
103,52,2025-09-11,2025-09-11 14:50:37,600105.SH,S,10.970,100
104,58,2025-09-11,2025-09-11 14:50:37,600105.SH,S,10.970,400
105,58,2025-09-11,2025-09-11 14:50:35,002090.SZ,S,10.770,1000
106,58,2025-09-11,2025-09-11 14:50:33,002090.SZ,S,10.770,500
107,58,2025-09-11,2025-09-11 14:50:33,002090.SZ,S,10.770,500
108,58,2025-09-11,2025-09-11 14:50:32,002090.SZ,S,10.770,400
109,58,2025-09-11,2025-09-11 14:50:32,600233.SH,B,18.600,300
110,58,2025-09-11,2025-09-11 14:50:29,600480.SH,B,13.780,100
111,59,2025-09-11,2025-09-11 14:50:19,300213.SZ,B,11.010,200
112,61,2025-09-11,2025-09-11 14:50:19,300213.SZ,B,11.010,600
113,59,2025-09-11,2025-09-11 14:50:16,600928.SH,B,4.350,200
114,59,2025-09-11,2025-09-11 14:50:11,603098.SH,S,16.150,100
115,49,2025-09-11,2025-09-11 14:50:11,603098.SH,S,16.150,100
116,61,2025-09-11,2025-09-11 14:50:11,603098.SH,S,16.150,300
117,61,2025-09-11,2025-09-11 14:50:09,300166.SZ,S,11.030,100
118,52,2025-09-11,2025-09-11 14:50:06,300317.SZ,S,4.470,100
119,59,2025-09-11,2025-09-11 14:50:02,300682.SZ,B,23.450,100
120,58,2025-09-11,2025-09-11 14:49:59,300213.SZ,B,11.010,300
121,58,2025-09-11,2025-09-11 14:49:50,000425.SZ,B,9.830,300
122,52,2025-09-11,2025-09-11 14:49:49,000425.SZ,B,9.830,500
123,58,2025-09-11,2025-09-11 14:49:30,300399.SZ,B,29.680,100
124,49,2025-09-11,2025-09-11 14:49:26,300083.SZ,B,10.600,600
125,52,2025-09-11,2025-09-11 14:49:24,300083.SZ,B,10.600,900
126,49,2025-09-11,2025-09-11 14:49:19,600513.SH,B,21.910,400
127,58,2025-09-11,2025-09-11 14:49:19,601872.SH,B,8.070,300
128,51,2025-09-11,2025-09-11 14:49:21,300003.SZ,B,17.980,500
129,59,2025-09-11,2025-09-11 14:49:12,601003.SH,B,5.690,100
130,59,2025-09-11,2025-09-11 14:49:03,000425.SZ,B,9.820,100
131,49,2025-09-11,2025-09-11 14:49:03,000425.SZ,B,9.820,400
132,61,2025-09-11,2025-09-11 14:48:49,000425.SZ,B,9.830,800
133,51,2025-09-11,2025-09-11 14:48:49,603993.SH,B,12.980,400
134,58,2025-09-11,2025-09-11 14:48:42,300990.SZ,B,81.300,300
135,59,2025-09-11,2025-09-11 14:48:31,601677.SH,B,13.700,100
136,51,2025-09-11,2025-09-11 14:48:22,002273.SZ,B,26.660,400
137,58,2025-09-11,2025-09-11 14:47:48,300083.SZ,B,10.590,1700
138,59,2025-09-11,2025-09-11 14:47:46,300083.SZ,B,10.590,600
139,51,2025-09-11,2025-09-11 14:47:48,603657.SH,S,41.930,100
140,52,2025-09-11,2025-09-11 14:47:22,600516.SH,S,5.310,100
141,52,2025-09-11,2025-09-11 14:46:17,300324.SZ,S,6.660,100
142,58,2025-09-11,2025-09-11 14:47:19,300324.SZ,S,6.660,600
143,58,2025-09-11,2025-09-11 14:47:16,300077.SZ,B,25.430,100
144,51,2025-09-11,2025-09-11 14:46:50,601872.SH,B,8.060,700
145,49,2025-09-11,2025-09-11 14:46:44,300083.SZ,B,10.580,400
146,59,2025-09-11,2025-09-11 14:46:37,600881.SH,S,2.180,100
147,59,2025-09-11,2025-09-11 14:46:37,002537.SZ,B,9.590,100
148,49,2025-09-11,2025-09-11 14:46:37,603657.SH,S,42.210,200
149,61,2025-09-11,2025-09-11 14:46:37,002537.SZ,B,9.590,200
150,61,2025-09-11,2025-09-11 14:46:37,603657.SH,S,42.210,500
151,61,2025-09-11,2025-09-11 14:46:37,600881.SH,S,2.180,300
152,58,2025-09-11,2025-09-11 14:46:37,600881.SH,S,2.180,300
153,51,2025-09-11,2025-09-11 14:46:40,600881.SH,S,2.180,1400
154,52,2025-09-11,2025-09-11 14:46:32,600881.SH,S,2.180,300
155,49,2025-09-11,2025-09-11 14:46:36,002537.SZ,B,9.590,400
156,51,2025-09-11,2025-09-11 14:46:37,600516.SH,S,5.310,500
157,51,2025-09-11,2025-09-11 14:46:28,000776.SZ,B,21.140,700
158,52,2025-09-11,2025-09-11 14:46:20,603657.SH,S,42.300,200
159,58,2025-09-11,2025-09-11 14:46:22,000017.SZ,S,7.120,100
160,58,2025-09-11,2025-09-11 14:46:22,000017.SZ,S,7.120,1300
161,52,2025-09-11,2025-09-11 14:46:17,000017.SZ,S,7.120,300
162,61,2025-09-11,2025-09-11 14:46:21,301511.SZ,B,36.140,200
163,58,2025-09-11,2025-09-11 14:46:21,301511.SZ,B,36.140,600
164,52,2025-09-11,2025-09-11 14:46:17,000017.SZ,S,7.120,300
165,58,2025-09-11,2025-09-11 14:46:18,603657.SH,S,42.300,100
166,58,2025-09-11,2025-09-11 14:46:17,603657.SH,S,42.300,200
167,59,2025-09-11,2025-09-11 14:43:07,600866.SH,S,7.680,100
168,59,2025-09-11,2025-09-11 14:43:07,300185.SZ,S,2.830,100
169,59,2025-09-11,2025-09-11 14:43:07,600973.SH,S,5.230,100
170,51,2025-09-11,2025-09-11 14:42:49,002021.SZ,S,2.720,100
171,61,2025-09-11,2025-09-11 14:42:17,600415.SH,B,20.140,300
172,58,2025-09-11,2025-09-11 14:42:05,603168.SH,S,8.240,100
173,52,2025-09-11,2025-09-11 14:40:48,601872.SH,B,8.080,500
174,59,2025-09-11,2025-09-11 14:41:27,002167.SZ,S,14.800,100
175,58,2025-09-11,2025-09-11 14:41:07,601872.SH,B,8.080,500
176,58,2025-09-11,2025-09-11 14:41:07,601872.SH,B,8.080,800
177,61,2025-09-11,2025-09-11 14:40:40,002167.SZ,S,14.800,200
178,52,2025-09-11,2025-09-11 14:40:23,002221.SZ,S,8.590,100
179,58,2025-09-11,2025-09-11 14:39:44,002249.SZ,S,8.400,100
180,61,2025-09-11,2025-09-11 14:39:31,002396.SZ,S,30.940,100
181,49,2025-09-11,2025-09-11 14:38:06,300559.SZ,S,15.680,200
182,58,2025-09-11,2025-09-11 14:38:04,300456.SZ,B,23.750,600
183,59,2025-09-11,2025-09-11 14:37:34,300559.SZ,S,15.670,100
184,59,2025-09-11,2025-09-11 14:37:22,603113.SH,S,7.580,100
185,61,2025-09-11,2025-09-11 14:37:13,300456.SZ,B,23.730,2500
186,61,2025-09-11,2025-09-11 14:37:13,300456.SZ,B,23.730,200
187,58,2025-09-11,2025-09-11 14:37:11,000837.SZ,S,14.490,900
188,61,2025-09-11,2025-09-11 14:37:10,600415.SH,B,20.120,200
189,59,2025-09-11,2025-09-11 14:37:09,600415.SH,B,20.120,100
190,58,2025-09-11,2025-09-11 14:37:00,002167.SZ,S,14.790,300
191,61,2025-09-11,2025-09-11 14:37:00,000837.SZ,S,14.480,500
192,51,2025-09-11,2025-09-11 14:37:02,000837.SZ,S,14.480,300
193,52,2025-09-11,2025-09-11 14:36:54,000837.SZ,S,14.480,200
194,59,2025-09-11,2025-09-11 14:36:52,000837.SZ,S,14.490,200
195,61,2025-09-11,2025-09-11 14:36:52,000837.SZ,S,14.490,300
196,58,2025-09-11,2025-09-11 14:36:37,600415.SH,B,20.150,300
197,52,2025-09-11,2025-09-11 14:36:35,600415.SH,B,20.150,500
198,52,2025-09-11,2025-09-11 14:36:33,002659.SZ,S,6.080,100
199,61,2025-09-11,2025-09-11 14:36:21,603081.SH,S,13.070,100
200,51,2025-09-11,2025-09-11 14:36:03,002659.SZ,S,6.080,200
201,59,2025-09-11,2025-09-11 14:35:54,601003.SH,S,5.690,100
202,59,2025-09-11,2025-09-11 14:35:35,688403.SH,S,12.630,200
203,58,2025-09-11,2025-09-11 14:35:20,603098.SH,S,16.110,100
204,49,2025-09-11,2025-09-11 14:35:17,601872.SH,B,8.090,700
205,61,2025-09-11,2025-09-11 14:35:17,601872.SH,B,8.090,800
206,59,2025-09-11,2025-09-11 14:35:17,601872.SH,B,8.090,300
207,61,2025-09-11,2025-09-11 14:35:04,000932.SZ,S,6.240,100
208,61,2025-09-11,2025-09-11 14:34:33,002396.SZ,S,30.960,200
209,61,2025-09-11,2025-09-11 14:34:17,301487.SZ,S,25.180,100
210,58,2025-09-11,2025-09-11 14:33:43,000010.SZ,S,4.580,100
211,58,2025-09-11,2025-09-11 14:33:19,600284.SH,S,9.070,600
212,61,2025-09-11,2025-09-11 14:33:10,300399.SZ,B,29.590,200
213,58,2025-09-11,2025-09-11 14:33:08,600513.SH,B,21.880,300
214,61,2025-09-11,2025-09-11 14:32:59,603929.SH,S,43.080,100
215,61,2025-09-11,2025-09-11 14:32:55,600577.SH,S,8.390,100
216,61,2025-09-11,2025-09-11 14:32:42,688327.SH,S,16.570,435
217,61,2025-09-11,2025-09-11 14:32:42,688327.SH,S,16.570,29
218,52,2025-09-11,2025-09-11 14:32:30,600284.SH,S,9.070,100
219,61,2025-09-11,2025-09-11 14:32:14,300136.SZ,S,26.590,100
220,49,2025-09-11,2025-09-11 14:32:10,603098.SH,S,16.070,100
221,61,2025-09-11,2025-09-11 14:32:10,603098.SH,S,16.070,100
222,51,2025-09-11,2025-09-11 14:32:06,600156.SH,S,8.750,200
223,52,2025-09-11,2025-09-11 14:31:22,300692.SZ,S,8.250,100
224,51,2025-09-11,2025-09-11 14:31:58,600748.SH,S,4.400,100
225,59,2025-09-11,2025-09-11 14:31:51,600513.SH,B,21.890,100
226,58,2025-09-11,2025-09-11 14:31:47,300559.SZ,S,15.660,400
227,51,2025-09-11,2025-09-11 14:31:50,300692.SZ,S,8.250,400
228,59,2025-09-11,2025-09-11 14:31:26,600284.SH,S,9.080,200
229,61,2025-09-11,2025-09-11 14:31:26,600284.SH,S,9.080,600
230,49,2025-09-11,2025-09-11 14:31:26,600284.SH,S,9.070,200
231,58,2025-09-11,2025-09-11 14:31:18,600735.SH,S,5.500,100
232,52,2025-09-11,2025-09-11 14:31:17,000959.SZ,S,4.190,100
233,61,2025-09-11,2025-09-11 14:31:16,688321.SH,S,33.430,262
234,61,2025-09-11,2025-09-11 14:31:16,688321.SH,S,33.430,61
235,61,2025-09-11,2025-09-11 14:31:16,300369.SZ,S,7.820,100
236,59,2025-09-11,2025-09-11 14:28:42,002298.SZ,S,9.820,100
237,52,2025-09-11,2025-09-11 14:28:29,002523.SZ,S,3.810,100
238,51,2025-09-11,2025-09-11 14:28:33,600076.SH,S,2.790,100
239,61,2025-09-11,2025-09-11 14:28:20,002241.SZ,B,32.150,900
240,61,2025-09-11,2025-09-11 14:28:15,001311.SZ,S,24.620,600
241,58,2025-09-11,2025-09-11 14:28:14,002963.SZ,S,13.730,500
242,58,2025-09-11,2025-09-11 14:28:13,603098.SH,S,16.090,200
243,59,2025-09-11,2025-09-11 14:28:13,002396.SZ,B,30.960,300
244,61,2025-09-11,2025-09-11 14:28:12,300296.SZ,B,7.200,700
245,61,2025-09-11,2025-09-11 14:28:12,001311.SZ,S,24.630,700
246,61,2025-09-11,2025-09-11 14:28:12,300296.SZ,B,7.200,500
247,49,2025-09-11,2025-09-11 14:28:12,001311.SZ,S,24.630,300
248,59,2025-09-11,2025-09-11 14:28:11,002241.SZ,B,32.160,200
249,59,2025-09-11,2025-09-11 14:28:10,001311.SZ,S,24.630,400
250,61,2025-09-11,2025-09-11 14:28:09,001311.SZ,S,24.630,700
251,49,2025-09-11,2025-09-11 14:28:09,300456.SZ,B,23.760,200
252,49,2025-09-11,2025-09-11 14:28:09,001311.SZ,S,24.630,300
253,59,2025-09-11,2025-09-11 14:28:08,001311.SZ,S,24.630,300
254,61,2025-09-11,2025-09-11 14:28:07,002396.SZ,B,30.960,100
255,61,2025-09-11,2025-09-11 14:28:07,600643.SH,S,5.800,100
256,61,2025-09-11,2025-09-11 14:28:07,002396.SZ,B,30.960,300
257,58,2025-09-11,2025-09-11 14:28:07,002963.SZ,S,13.740,300
258,58,2025-09-11,2025-09-11 14:28:07,002963.SZ,S,13.740,300
259,59,2025-09-11,2025-09-11 14:28:07,600643.SH,S,5.800,100
260,49,2025-09-11,2025-09-11 14:28:06,300079.SZ,S,6.000,100
261,51,2025-09-11,2025-09-11 14:28:10,002326.SZ,S,17.540,300
262,52,2025-09-11,2025-09-11 14:28:05,600516.SH,S,5.290,200
263,52,2025-09-11,2025-09-11 14:28:05,002963.SZ,S,13.740,200
264,61,2025-09-11,2025-09-11 14:28:04,002963.SZ,S,13.740,400
265,58,2025-09-11,2025-09-11 14:28:04,002326.SZ,S,17.540,300
266,58,2025-09-11,2025-09-11 14:28:02,603929.SH,S,43.110,100
267,58,2025-09-11,2025-09-11 14:28:00,001311.SZ,S,24.630,200
268,52,2025-09-11,2025-09-11 14:27:59,001311.SZ,S,24.630,200
269,58,2025-09-11,2025-09-11 14:28:00,001311.SZ,S,24.630,200
270,58,2025-09-11,2025-09-11 14:28:00,001311.SZ,S,24.630,300
271,61,2025-09-11,2025-09-11 14:27:58,688403.SH,S,12.660,111
272,61,2025-09-11,2025-09-11 14:27:58,688403.SH,S,12.660,458
273,61,2025-09-11,2025-09-11 14:27:53,688327.SH,B,16.570,46
274,61,2025-09-11,2025-09-11 14:27:53,688327.SH,B,16.570,300
275,61,2025-09-11,2025-09-11 14:27:53,688327.SH,B,16.570,124
276,58,2025-09-11,2025-09-11 14:27:47,002396.SZ,B,30.930,200
277,51,2025-09-11,2025-09-11 14:27:50,001311.SZ,S,24.640,200
278,61,2025-09-11,2025-09-11 14:27:41,002370.SZ,B,6.090,1900
279,61,2025-09-11,2025-09-11 14:27:41,002370.SZ,B,6.090,400
280,51,2025-09-11,2025-09-11 14:27:44,002241.SZ,B,32.190,200
281,52,2025-09-11,2025-09-11 14:27:36,002738.SZ,B,42.070,100
282,58,2025-09-11,2025-09-11 14:27:03,603004.SH,S,25.220,100
283,51,2025-09-11,2025-09-11 14:27:06,601600.SH,B,7.800,500
284,52,2025-09-11,2025-09-11 14:26:50,002261.SZ,S,37.200,100
285,59,2025-09-11,2025-09-11 14:26:49,002723.SZ,S,9.810,100
286,52,2025-09-11,2025-09-11 14:25:37,688403.SH,S,12.670,113
287,52,2025-09-11,2025-09-11 14:25:37,688403.SH,S,12.670,200
288,52,2025-09-11,2025-09-11 14:25:37,688403.SH,S,12.670,200
289,52,2025-09-11,2025-09-11 14:25:37,688403.SH,S,12.670,71
290,58,2025-09-11,2025-09-11 14:26:07,300398.SZ,B,22.660,300
291,52,2025-09-11,2025-09-11 14:25:40,300398.SZ,B,22.660,200
292,49,2025-09-11,2025-09-11 14:26:01,002326.SZ,S,17.550,200
293,49,2025-09-11,2025-09-11 14:25:57,002298.SZ,S,9.810,100
294,61,2025-09-11,2025-09-11 14:25:57,002298.SZ,S,9.810,300
295,58,2025-09-11,2025-09-11 14:25:55,603098.SH,S,16.110,200
296,52,2025-09-11,2025-09-11 14:25:08,603929.SH,S,43.140,100
297,58,2025-09-11,2025-09-11 14:25:06,002723.SZ,S,9.800,100
298,58,2025-09-11,2025-09-11 14:24:58,002637.SZ,S,11.410,100
299,52,2025-09-11,2025-09-11 14:24:50,603696.SH,S,13.160,100
300,58,2025-09-11,2025-09-11 14:24:53,603696.SH,S,13.160,600
301,61,2025-09-11,2025-09-11 14:24:49,002963.SZ,S,13.760,300
302,51,2025-09-11,2025-09-11 14:24:53,603696.SH,S,13.160,100
303,61,2025-09-11,2025-09-11 14:24:38,002963.SZ,S,13.760,100
304,58,2025-09-11,2025-09-11 14:24:14,002537.SZ,B,9.570,300
305,58,2025-09-11,2025-09-11 14:23:58,603098.SH,S,16.100,200
306,58,2025-09-11,2025-09-11 14:23:46,002738.SZ,B,42.060,300
307,61,2025-09-11,2025-09-11 14:23:45,603696.SH,S,13.130,200
308,49,2025-09-11,2025-09-11 14:23:45,603696.SH,S,13.130,200
309,61,2025-09-11,2025-09-11 14:23:45,603696.SH,S,13.130,400
310,59,2025-09-11,2025-09-11 14:23:45,603696.SH,S,13.130,200
311,59,2025-09-11,2025-09-11 14:23:42,301487.SZ,B,25.010,100
312,59,2025-09-11,2025-09-11 14:23:40,603988.SH,S,26.560,100
313,61,2025-09-11,2025-09-11 14:23:39,603988.SH,S,26.560,100
314,61,2025-09-11,2025-09-11 14:23:39,603988.SH,S,26.560,100
315,58,2025-09-11,2025-09-11 14:23:17,000422.SZ,B,14.940,100
316,61,2025-09-11,2025-09-11 14:23:13,300296.SZ,B,7.190,800
317,58,2025-09-11,2025-09-11 14:23:02,002370.SZ,B,6.080,500
318,61,2025-09-11,2025-09-11 14:23:02,002245.SZ,S,18.280,100
319,51,2025-09-11,2025-09-11 14:22:53,601881.SH,B,17.380,200
320,61,2025-09-11,2025-09-11 14:22:34,300008.SZ,B,6.480,200
321,49,2025-09-11,2025-09-11 14:22:26,002241.SZ,B,32.160,100
322,61,2025-09-11,2025-09-11 14:22:25,601872.SH,S,8.100,500
323,61,2025-09-11,2025-09-11 14:22:22,688321.SH,B,33.400,101
324,61,2025-09-11,2025-09-11 14:22:22,688321.SH,B,33.400,568
325,49,2025-09-11,2025-09-11 14:22:19,300456.SZ,B,23.730,300
326,61,2025-09-11,2025-09-11 14:22:18,002537.SZ,B,9.570,300
327,49,2025-09-11,2025-09-11 14:22:16,688321.SH,B,33.390,595
328,61,2025-09-11,2025-09-11 14:22:18,002637.SZ,S,11.410,100
329,58,2025-09-11,2025-09-11 14:22:14,001311.SZ,S,24.620,900
330,52,2025-09-11,2025-09-11 14:22:11,300456.SZ,B,23.720,400
331,58,2025-09-11,2025-09-11 14:22:11,301487.SZ,B,25.000,100
332,61,2025-09-11,2025-09-11 14:22:05,301487.SZ,B,24.990,200
333,52,2025-09-11,2025-09-11 14:21:46,600156.SH,S,8.730,100
334,61,2025-09-11,2025-09-11 14:21:55,300180.SZ,B,7.980,300
335,59,2025-09-11,2025-09-11 14:21:55,300180.SZ,B,7.980,100
336,52,2025-09-11,2025-09-11 14:21:51,002738.SZ,B,41.950,100
337,52,2025-09-11,2025-09-11 14:21:41,001311.SZ,S,24.620,300
338,61,2025-09-11,2025-09-11 14:21:41,000852.SZ,S,6.810,100
339,58,2025-09-11,2025-09-11 14:21:41,001311.SZ,S,24.620,200
340,51,2025-09-11,2025-09-11 14:21:43,001311.SZ,S,24.620,300
341,61,2025-09-11,2025-09-11 14:21:30,300276.SZ,S,11.090,400
342,58,2025-09-11,2025-09-11 14:21:18,300180.SZ,B,7.990,300
343,51,2025-09-11,2025-09-11 14:21:16,000425.SZ,B,9.840,500
344,49,2025-09-11,2025-09-11 14:21:10,002090.SZ,S,10.740,100
345,61,2025-09-11,2025-09-11 14:21:10,688403.SH,S,12.640,400
346,59,2025-09-11,2025-09-11 14:21:10,300399.SZ,B,29.580,100
347,49,2025-09-11,2025-09-11 14:21:00,688403.SH,S,12.630,348
348,61,2025-09-11,2025-09-11 14:21:00,688403.SH,S,12.630,200
349,49,2025-09-11,2025-09-11 14:21:00,688403.SH,S,12.630,36
350,58,2025-09-11,2025-09-11 14:20:51,002396.SZ,B,30.900,500
351,61,2025-09-11,2025-09-11 14:20:51,002396.SZ,B,30.900,100
352,61,2025-09-11,2025-09-11 14:20:51,002396.SZ,B,30.900,100
353,49,2025-09-11,2025-09-11 14:20:51,002396.SZ,B,30.900,100
354,61,2025-09-11,2025-09-11 14:20:51,002396.SZ,B,30.900,600
355,61,2025-09-11,2025-09-11 14:20:43,002326.SZ,S,17.570,200
356,61,2025-09-11,2025-09-11 14:20:43,002326.SZ,S,17.570,300
357,61,2025-09-11,2025-09-11 14:20:43,002326.SZ,S,17.570,100
358,61,2025-09-11,2025-09-11 14:20:43,002326.SZ,S,17.570,400
359,58,2025-09-11,2025-09-11 14:20:43,002326.SZ,S,17.570,800
360,52,2025-09-11,2025-09-11 14:20:42,002326.SZ,S,17.570,300
361,58,2025-09-11,2025-09-11 14:20:41,603988.SH,S,26.570,300
362,52,2025-09-11,2025-09-11 14:20:39,300276.SZ,S,11.090,100
363,58,2025-09-11,2025-09-11 14:20:39,300276.SZ,S,11.090,200
364,61,2025-09-11,2025-09-11 14:20:38,603004.SH,S,25.180,100
365,61,2025-09-11,2025-09-11 14:20:37,300638.SZ,S,30.340,200
366,58,2025-09-11,2025-09-11 14:20:33,601777.SH,S,11.280,100
367,52,2025-09-11,2025-09-11 14:20:32,601777.SH,S,11.280,100
368,61,2025-09-11,2025-09-11 14:20:32,300682.SZ,B,23.460,200
369,59,2025-09-11,2025-09-11 14:20:32,002484.SZ,B,33.360,100
370,61,2025-09-11,2025-09-11 14:20:31,601777.SH,S,11.280,700
371,49,2025-09-11,2025-09-11 14:20:31,601777.SH,S,11.280,100
372,61,2025-09-11,2025-09-11 14:20:28,001206.SZ,S,28.210,100
373,49,2025-09-11,2025-09-11 14:20:25,002963.SZ,S,13.740,100
374,49,2025-09-11,2025-09-11 14:20:25,002963.SZ,S,13.740,200
375,61,2025-09-11,2025-09-11 14:20:25,002963.SZ,S,13.740,400
376,59,2025-09-11,2025-09-11 14:20:25,002963.SZ,S,13.740,400
377,61,2025-09-11,2025-09-11 14:20:22,603766.SH,S,12.280,300
378,59,2025-09-11,2025-09-11 14:20:22,603766.SH,S,12.280,100
379,49,2025-09-11,2025-09-11 14:20:21,002445.SZ,S,2.760,100
380,58,2025-09-11,2025-09-11 14:20:20,001206.SZ,S,28.210,100
381,58,2025-09-11,2025-09-11 14:20:15,300682.SZ,B,23.470,100
382,58,2025-09-11,2025-09-11 14:20:07,300456.SZ,B,23.720,1600
383,58,2025-09-11,2025-09-11 14:20:06,603766.SH,B,12.270,100
384,61,2025-09-11,2025-09-11 14:19:55,600380.SH,S,12.960,100
385,58,2025-09-11,2025-09-11 14:19:52,300403.SZ,B,16.600,100
386,61,2025-09-11,2025-09-11 14:19:51,300098.SZ,S,6.020,100
387,49,2025-09-11,2025-09-11 14:19:50,300456.SZ,B,23.710,200
388,49,2025-09-11,2025-09-11 14:19:50,300456.SZ,B,23.710,100
389,61,2025-09-11,2025-09-11 14:19:49,002484.SZ,B,33.340,200
390,59,2025-09-11,2025-09-11 14:19:46,688403.SH,B,12.640,395
391,59,2025-09-11,2025-09-11 14:19:46,688403.SH,B,12.640,91
392,61,2025-09-11,2025-09-11 14:19:38,300642.SZ,S,24.940,100
393,49,2025-09-11,2025-09-11 14:19:38,300642.SZ,S,24.940,100
394,59,2025-09-11,2025-09-11 14:19:38,002326.SZ,S,17.580,400
395,51,2025-09-11,2025-09-11 14:19:42,002396.SZ,B,30.900,500
396,49,2025-09-11,2025-09-11 14:19:36,002326.SZ,S,17.580,200
397,61,2025-09-11,2025-09-11 14:19:36,002326.SZ,S,17.580,200
398,49,2025-09-11,2025-09-11 14:19:34,600869.SH,S,7.190,100
399,61,2025-09-11,2025-09-11 14:19:31,600356.SH,S,10.450,100
400,52,2025-09-11,2025-09-11 14:19:16,002241.SZ,B,32.110,200
401,51,2025-09-11,2025-09-11 14:19:06,002659.SZ,S,6.020,100
402,58,2025-09-11,2025-09-11 14:18:50,603929.SH,S,43.310,200
403,51,2025-09-11,2025-09-11 14:18:49,300058.SZ,B,6.670,1000
404,51,2025-09-11,2025-09-11 14:18:46,002627.SZ,S,6.350,100
405,58,2025-09-11,2025-09-11 14:18:34,002245.SZ,S,18.240,100
406,52,2025-09-11,2025-09-11 14:18:33,002245.SZ,S,18.240,100
407,59,2025-09-11,2025-09-11 14:18:31,601777.SH,B,11.270,100
408,52,2025-09-11,2025-09-11 14:18:27,000676.SZ,S,9.970,100
409,58,2025-09-11,2025-09-11 14:18:18,002241.SZ,B,32.130,300
410,58,2025-09-11,2025-09-11 14:18:18,002241.SZ,B,32.130,300
411,51,2025-09-11,2025-09-11 14:18:19,002241.SZ,B,32.120,300
412,59,2025-09-11,2025-09-11 14:17:58,300077.SZ,B,25.300,100
413,52,2025-09-11,2025-09-11 14:17:43,603098.SH,S,16.090,300
414,58,2025-09-11,2025-09-11 14:17:51,601872.SH,B,8.090,100
415,58,2025-09-11,2025-09-11 14:17:44,603098.SH,S,16.090,200
416,58,2025-09-11,2025-09-11 14:17:44,603098.SH,S,16.090,100
417,52,2025-09-11,2025-09-11 14:17:43,300058.SZ,B,6.680,200
418,49,2025-09-11,2025-09-11 14:17:41,002370.SZ,B,6.070,500
419,59,2025-09-11,2025-09-11 14:17:41,002370.SZ,B,6.070,500
420,51,2025-09-11,2025-09-11 14:17:39,600522.SH,B,16.220,500
421,58,2025-09-11,2025-09-11 14:17:35,688321.SH,B,33.290,406
422,52,2025-09-11,2025-09-11 14:17:34,688321.SH,B,33.290,474
423,58,2025-09-11,2025-09-11 14:17:25,002370.SZ,B,6.070,700
424,61,2025-09-11,2025-09-11 14:17:31,002148.SZ,S,10.330,100
425,52,2025-09-11,2025-09-11 14:17:24,002370.SZ,B,6.070,400
426,58,2025-09-11,2025-09-11 14:17:25,002370.SZ,B,6.070,200
427,59,2025-09-11,2025-09-11 14:17:23,000681.SZ,B,20.560,100
428,61,2025-09-11,2025-09-11 14:17:22,000681.SZ,B,20.560,200
429,49,2025-09-11,2025-09-11 14:17:21,002177.SZ,S,7.840,100
430,51,2025-09-11,2025-09-11 14:17:09,600156.SH,S,8.730,300
431,61,2025-09-11,2025-09-11 14:17:04,002738.SZ,B,41.830,300
432,59,2025-09-11,2025-09-11 14:17:04,600059.SH,S,10.170,100
433,51,2025-09-11,2025-09-11 14:17:06,002298.SZ,S,9.810,100
434,49,2025-09-11,2025-09-11 14:16:59,300398.SZ,B,22.600,300
435,59,2025-09-11,2025-09-11 14:16:59,300398.SZ,B,22.600,200
436,58,2025-09-11,2025-09-11 14:16:59,002298.SZ,S,9.810,400
437,49,2025-09-11,2025-09-11 14:16:58,603766.SH,B,12.240,100
438,61,2025-09-11,2025-09-11 14:16:50,603929.SH,S,43.080,200
439,61,2025-09-11,2025-09-11 14:16:49,603929.SH,S,43.080,100
440,58,2025-09-11,2025-09-11 14:16:41,300642.SZ,S,24.970,100
441,51,2025-09-11,2025-09-11 14:16:36,601881.SH,B,17.360,100
442,51,2025-09-11,2025-09-11 14:16:34,601881.SH,B,17.360,200
443,49,2025-09-11,2025-09-11 14:16:15,603929.SH,S,43.060,100
444,49,2025-09-11,2025-09-11 14:16:15,603098.SH,S,16.070,200
445,61,2025-09-11,2025-09-11 14:16:15,603098.SH,S,16.070,900
446,49,2025-09-11,2025-09-11 14:16:15,600179.SH,S,3.460,100
447,59,2025-09-11,2025-09-11 14:16:15,603098.SH,S,16.070,400
448,51,2025-09-11,2025-09-11 14:16:19,002261.SZ,S,36.870,200
449,61,2025-09-11,2025-09-11 14:16:15,300355.SZ,S,4.670,100
450,59,2025-09-11,2025-09-11 14:16:14,603929.SH,S,43.080,100
451,51,2025-09-11,2025-09-11 14:16:17,600516.SH,S,5.280,1200
452,51,2025-09-11,2025-09-11 14:16:17,002736.SZ,B,14.120,500
453,59,2025-09-11,2025-09-11 14:13:30,300185.SZ,B,2.820,100
454,58,2025-09-11,2025-09-11 14:13:21,601777.SH,B,11.270,300
455,58,2025-09-11,2025-09-11 14:13:15,688403.SH,B,12.640,607
456,49,2025-09-11,2025-09-11 14:13:15,300296.SZ,B,7.190,700
457,59,2025-09-11,2025-09-11 14:13:15,300296.SZ,B,7.190,800
458,58,2025-09-11,2025-09-11 14:13:13,688403.SH,B,12.640,400
459,52,2025-09-11,2025-09-11 14:13:12,688403.SH,B,12.640,528
460,61,2025-09-11,2025-09-11 14:13:11,300296.SZ,B,7.190,2300
461,59,2025-09-11,2025-09-11 14:13:08,600973.SH,B,5.210,100
462,61,2025-09-11,2025-09-11 14:13:07,300638.SZ,B,30.300,200
463,51,2025-09-11,2025-09-11 14:13:11,002659.SZ,S,5.990,100
464,61,2025-09-11,2025-09-11 14:13:04,600658.SH,S,6.220,100
465,49,2025-09-11,2025-09-11 14:13:04,600658.SH,S,6.220,100
466,59,2025-09-11,2025-09-11 14:13:02,600578.SH,B,4.480,100
467,58,2025-09-11,2025-09-11 14:12:57,002723.SZ,S,9.820,500
468,58,2025-09-11,2025-09-11 14:12:57,002723.SZ,S,9.820,500
469,59,2025-09-11,2025-09-11 14:12:56,600059.SH,B,10.170,100
470,51,2025-09-11,2025-09-11 14:13:00,002445.SZ,S,2.750,700
471,51,2025-09-11,2025-09-11 14:12:50,002021.SZ,S,2.710,800
472,52,2025-09-11,2025-09-11 14:12:45,002445.SZ,S,2.750,100
473,61,2025-09-11,2025-09-11 14:12:41,002550.SZ,B,9.930,100
474,58,2025-09-11,2025-09-11 14:12:41,002963.SZ,S,13.760,100
475,52,2025-09-11,2025-09-11 14:12:27,002963.SZ,S,13.760,200
476,61,2025-09-11,2025-09-11 14:12:34,002550.SZ,B,9.930,100
477,61,2025-09-11,2025-09-11 14:12:34,002550.SZ,B,9.930,100
478,59,2025-09-11,2025-09-11 14:12:34,600210.SH,S,7.650,100
479,59,2025-09-11,2025-09-11 14:12:28,603113.SH,B,7.560,100
480,61,2025-09-11,2025-09-11 14:12:28,688403.SH,B,12.630,90
481,61,2025-09-11,2025-09-11 14:12:28,688403.SH,B,12.630,753
482,61,2025-09-11,2025-09-11 14:12:18,002723.SZ,S,9.830,100
483,61,2025-09-11,2025-09-11 14:12:18,002723.SZ,S,9.830,1000
484,59,2025-09-11,2025-09-11 14:12:11,000592.SZ,S,3.330,100
485,49,2025-09-11,2025-09-11 14:12:02,688403.SH,B,12.640,306
486,58,2025-09-11,2025-09-11 14:11:47,600537.SH,S,3.790,100
487,51,2025-09-11,2025-09-11 14:11:36,600076.SH,S,2.790,100
488,61,2025-09-11,2025-09-11 14:11:09,601020.SH,S,26.700,200
489,59,2025-09-11,2025-09-11 14:11:07,300276.SZ,B,11.080,200
490,58,2025-09-11,2025-09-11 14:11:06,601020.SH,S,26.700,200
491,58,2025-09-11,2025-09-11 14:10:46,002955.SZ,S,29.600,100
492,52,2025-09-11,2025-09-11 14:10:43,600117.SH,S,3.370,100
493,59,2025-09-11,2025-09-11 14:10:35,002550.SZ,B,9.930,200
494,51,2025-09-11,2025-09-11 14:10:38,002963.SZ,S,13.760,300
495,58,2025-09-11,2025-09-11 14:10:34,600117.SH,S,3.370,300
496,61,2025-09-11,2025-09-11 14:10:34,002723.SZ,S,9.820,800
497,59,2025-09-11,2025-09-11 14:10:19,600117.SH,S,3.370,200
498,61,2025-09-11,2025-09-11 14:10:18,600117.SH,S,3.370,400
499,49,2025-09-11,2025-09-11 14:10:10,300066.SZ,S,6.790,100
500,58,2025-09-11,2025-09-11 14:10:06,601872.SH,B,8.090,1200
501,61,2025-09-11,2025-09-11 14:10:06,601872.SH,B,8.090,700
502,61,2025-09-11,2025-09-11 14:10:06,601872.SH,B,8.090,700
503,52,2025-09-11,2025-09-11 14:09:42,601872.SH,B,8.090,300
504,59,2025-09-11,2025-09-11 14:10:04,601872.SH,B,8.090,600
505,61,2025-09-11,2025-09-11 14:09:58,002738.SZ,B,41.830,100
506,59,2025-09-11,2025-09-11 14:09:46,002738.SZ,B,41.830,100
507,49,2025-09-11,2025-09-11 14:09:36,002723.SZ,S,9.820,1100
508,59,2025-09-11,2025-09-11 14:09:36,002723.SZ,S,9.820,1100
509,59,2025-09-11,2025-09-11 14:09:36,002723.SZ,S,9.820,100
510,52,2025-09-11,2025-09-11 14:07:13,002021.SZ,S,2.710,200
511,59,2025-09-11,2025-09-11 14:09:24,002865.SZ,B,45.650,100
512,61,2025-09-11,2025-09-11 14:09:21,002865.SZ,B,45.650,100
513,61,2025-09-11,2025-09-11 14:09:21,002865.SZ,B,45.650,200
514,61,2025-09-11,2025-09-11 14:09:10,688403.SH,B,12.620,36
515,61,2025-09-11,2025-09-11 14:09:08,002298.SZ,S,9.780,1300
516,49,2025-09-11,2025-09-11 14:09:08,002298.SZ,S,9.780,1200
517,61,2025-09-11,2025-09-11 14:09:07,688403.SH,B,12.620,564
518,61,2025-09-11,2025-09-11 14:09:05,002298.SZ,S,9.780,800
519,61,2025-09-11,2025-09-11 14:09:05,002298.SZ,S,9.780,900
520,61,2025-09-11,2025-09-11 14:09:05,002298.SZ,S,9.780,800
521,59,2025-09-11,2025-09-11 14:09:05,002298.SZ,S,9.780,200
522,51,2025-09-11,2025-09-11 14:09:08,002963.SZ,S,13.760,100
523,58,2025-09-11,2025-09-11 14:09:04,601020.SH,S,26.700,100
524,58,2025-09-11,2025-09-11 14:09:04,601020.SH,S,26.700,100
525,59,2025-09-11,2025-09-11 14:09:02,002537.SZ,B,9.550,100
526,59,2025-09-11,2025-09-11 14:09:01,002298.SZ,S,9.780,1200
527,58,2025-09-11,2025-09-11 14:08:57,300398.SZ,B,22.610,400
528,58,2025-09-11,2025-09-11 14:08:57,002865.SZ,B,45.640,100
529,61,2025-09-11,2025-09-11 14:08:52,002683.SZ,S,35.980,100
530,51,2025-09-11,2025-09-11 14:08:51,002963.SZ,S,13.750,400
531,61,2025-09-11,2025-09-11 14:08:34,300276.SZ,B,11.080,1100
532,61,2025-09-11,2025-09-11 14:08:29,002723.SZ,S,9.890,1600
533,58,2025-09-11,2025-09-11 14:08:28,002723.SZ,S,9.810,1500
534,58,2025-09-11,2025-09-11 14:08:16,002865.SZ,B,45.640,100
535,52,2025-09-11,2025-09-11 14:08:10,300276.SZ,B,11.070,300
536,58,2025-09-11,2025-09-11 14:08:10,603300.SH,B,10.160,400
537,58,2025-09-11,2025-09-11 14:08:10,600651.SH,S,7.020,100
538,58,2025-09-11,2025-09-11 14:08:08,300276.SZ,B,11.060,600
539,49,2025-09-11,2025-09-11 14:08:05,300276.SZ,B,11.060,200
540,61,2025-09-11,2025-09-11 14:08:03,603766.SH,B,12.280,500
541,52,2025-09-11,2025-09-11 14:01:16,603669.SH,S,5.790,100
542,61,2025-09-11,2025-09-11 14:07:40,003040.SZ,B,22.840,200
543,58,2025-09-11,2025-09-11 14:07:37,003040.SZ,B,22.840,200
544,58,2025-09-11,2025-09-11 14:07:28,002550.SZ,B,9.910,400
545,58,2025-09-11,2025-09-11 14:07:05,002148.SZ,S,10.280,300
546,58,2025-09-11,2025-09-11 14:07:05,002148.SZ,S,10.280,200
547,52,2025-09-11,2025-09-11 14:07:03,002148.SZ,S,10.280,200
548,61,2025-09-11,2025-09-11 14:07:01,003040.SZ,B,22.850,300
549,59,2025-09-11,2025-09-11 14:07:00,003040.SZ,B,22.850,100
550,61,2025-09-11,2025-09-11 14:06:57,002148.SZ,S,10.280,600
551,49,2025-09-11,2025-09-11 14:06:57,002148.SZ,S,10.280,200
552,58,2025-09-11,2025-09-11 14:06:57,601777.SH,B,11.270,800
553,59,2025-09-11,2025-09-11 14:06:57,002148.SZ,S,10.280,200
554,52,2025-09-11,2025-09-11 14:06:56,601777.SH,B,11.270,300
555,58,2025-09-11,2025-09-11 14:06:42,300276.SZ,B,11.040,300
556,61,2025-09-11,2025-09-11 14:06:41,601777.SH,B,11.270,100
557,61,2025-09-11,2025-09-11 14:06:41,601777.SH,B,11.270,100
558,61,2025-09-11,2025-09-11 14:06:41,601777.SH,B,11.270,100
559,61,2025-09-11,2025-09-11 14:06:41,601777.SH,B,11.270,100
560,61,2025-09-11,2025-09-11 14:06:41,601777.SH,B,11.270,100
561,61,2025-09-11,2025-09-11 14:06:41,601777.SH,B,11.270,100
562,61,2025-09-11,2025-09-11 14:06:41,601777.SH,B,11.270,300
563,52,2025-09-11,2025-09-11 14:06:22,002723.SZ,S,9.820,700
564,59,2025-09-11,2025-09-11 14:06:21,300009.SZ,S,10.670,100
565,51,2025-09-11,2025-09-11 14:06:24,002148.SZ,S,10.280,100
566,51,2025-09-11,2025-09-11 14:06:23,300568.SZ,S,14.470,400
567,61,2025-09-11,2025-09-11 14:05:54,601606.SH,S,47.330,200
568,52,2025-09-11,2025-09-11 14:05:52,002298.SZ,S,9.770,400
569,58,2025-09-11,2025-09-11 14:05:53,002298.SZ,S,9.770,1900
570,58,2025-09-11,2025-09-11 14:05:52,000422.SZ,B,14.910,200
571,49,2025-09-11,2025-09-11 14:05:49,002963.SZ,S,13.750,100
572,61,2025-09-11,2025-09-11 14:05:49,002963.SZ,S,13.750,100
573,61,2025-09-11,2025-09-11 14:05:42,601020.SH,S,26.700,100
574,61,2025-09-11,2025-09-11 14:05:42,601020.SH,S,26.700,200
575,51,2025-09-11,2025-09-11 14:05:44,002298.SZ,S,9.770,300
576,58,2025-09-11,2025-09-11 14:05:34,002723.SZ,S,9.870,500
577,58,2025-09-11,2025-09-11 14:05:34,002723.SZ,S,9.870,100
578,61,2025-09-11,2025-09-11 14:05:29,603063.SH,S,33.830,100
579,58,2025-09-11,2025-09-11 14:05:29,002723.SZ,S,9.870,100
580,58,2025-09-11,2025-09-11 14:05:28,002738.SZ,B,41.780,100
581,61,2025-09-11,2025-09-11 14:05:28,601872.SH,B,8.090,700
582,49,2025-09-11,2025-09-11 14:05:28,601872.SH,B,8.090,400
583,61,2025-09-11,2025-09-11 14:05:27,002738.SZ,B,41.780,100
584,59,2025-09-11,2025-09-11 14:05:14,300296.SZ,B,7.190,1300
585,58,2025-09-11,2025-09-11 14:05:13,600513.SH,B,21.850,100
586,52,2025-09-11,2025-09-11 14:04:54,000803.SZ,S,7.640,100
587,58,2025-09-11,2025-09-11 14:05:09,003040.SZ,B,22.890,200
588,58,2025-09-11,2025-09-11 14:05:00,601606.SH,S,47.370,400
589,49,2025-09-11,2025-09-11 14:05:00,300296.SZ,B,7.190,1200
590,59,2025-09-11,2025-09-11 14:04:59,603766.SH,B,12.310,800
591,52,2025-09-11,2025-09-11 14:04:57,300079.SZ,S,5.970,100
592,61,2025-09-11,2025-09-11 14:04:56,601606.SH,S,47.360,200
593,59,2025-09-11,2025-09-11 14:04:54,601606.SH,S,47.350,67
594,59,2025-09-11,2025-09-11 14:04:54,601606.SH,S,47.350,100
595,59,2025-09-11,2025-09-11 14:04:54,601606.SH,S,47.350,33
596,61,2025-09-11,2025-09-11 14:04:53,601606.SH,S,47.350,67
597,61,2025-09-11,2025-09-11 14:04:53,603766.SH,B,12.320,600
598,61,2025-09-11,2025-09-11 14:04:53,601606.SH,S,47.350,33
599,58,2025-09-11,2025-09-11 14:04:32,002212.SZ,S,10.030,100
600,52,2025-09-11,2025-09-11 14:04:31,600156.SH,S,8.760,100
601,59,2025-09-11,2025-09-11 14:04:13,000603.SZ,S,19.390,100
602,61,2025-09-11,2025-09-11 14:04:08,601777.SH,B,11.290,400
603,59,2025-09-11,2025-09-11 14:03:57,600881.SH,S,2.160,100
604,58,2025-09-11,2025-09-11 14:03:57,300296.SZ,B,7.190,5300
605,52,2025-09-11,2025-09-11 14:03:56,300296.SZ,B,7.190,1900
606,61,2025-09-11,2025-09-11 14:03:50,300398.SZ,B,22.640,800
607,61,2025-09-11,2025-09-11 14:03:39,601515.SH,S,4.780,100
608,61,2025-09-11,2025-09-11 14:03:33,601020.SH,S,26.740,100
609,61,2025-09-11,2025-09-11 14:03:33,601020.SH,S,26.740,200
610,59,2025-09-11,2025-09-11 14:03:33,601020.SH,S,26.740,300
611,58,2025-09-11,2025-09-11 14:03:21,688170.SH,S,46.980,344
612,58,2025-09-11,2025-09-11 14:03:19,600392.SH,S,22.590,100
613,61,2025-09-11,2025-09-11 14:03:03,688170.SH,S,46.980,379
614,58,2025-09-11,2025-09-11 14:03:02,002484.SZ,B,33.290,200
615,49,2025-09-11,2025-09-11 14:02:56,688403.SH,B,12.570,200
616,51,2025-09-11,2025-09-11 14:02:59,600156.SH,S,8.770,300
617,52,2025-09-11,2025-09-11 14:02:52,688403.SH,B,12.570,400
618,61,2025-09-11,2025-09-11 14:02:56,688403.SH,B,12.570,200
619,61,2025-09-11,2025-09-11 14:02:47,688403.SH,B,12.570,600
620,58,2025-09-11,2025-09-11 14:02:47,688403.SH,B,12.570,600
621,49,2025-09-11,2025-09-11 14:02:47,688403.SH,B,12.570,200
622,59,2025-09-11,2025-09-11 14:02:42,601777.SH,B,11.290,300
623,49,2025-09-11,2025-09-11 14:02:41,601777.SH,B,11.290,400
624,61,2025-09-11,2025-09-11 14:02:38,600392.SH,S,22.560,100
625,58,2025-09-11,2025-09-11 14:02:36,300638.SZ,B,30.240,200
626,61,2025-09-11,2025-09-11 14:02:28,300638.SZ,B,30.250,100
627,61,2025-09-11,2025-09-11 14:02:27,300638.SZ,B,30.250,100
628,61,2025-09-11,2025-09-11 14:02:26,300638.SZ,B,30.250,100
629,59,2025-09-11,2025-09-11 14:02:26,300638.SZ,B,30.250,100
630,61,2025-09-11,2025-09-11 14:02:22,002955.SZ,S,29.590,100
631,61,2025-09-11,2025-09-11 14:02:15,603098.SH,S,16.030,100
632,61,2025-09-11,2025-09-11 14:01:47,300642.SZ,S,24.790,300
633,49,2025-09-11,2025-09-11 14:01:47,300642.SZ,S,24.790,100
634,58,2025-09-11,2025-09-11 14:01:48,300642.SZ,S,24.790,300
635,59,2025-09-11,2025-09-11 14:01:47,300642.SZ,S,24.790,100
636,52,2025-09-11,2025-09-11 14:01:46,300642.SZ,S,24.790,100
637,61,2025-09-11,2025-09-11 14:01:43,300586.SZ,S,11.230,100
638,52,2025-09-11,2025-09-11 14:01:33,601020.SH,S,26.770,200
639,61,2025-09-11,2025-09-11 14:01:30,601886.SH,S,7.620,100
640,58,2025-09-11,2025-09-11 14:01:28,002298.SZ,S,9.770,600
641,58,2025-09-11,2025-09-11 14:01:28,002298.SZ,S,9.770,400
642,58,2025-09-11,2025-09-11 14:01:28,002298.SZ,S,9.770,100
643,58,2025-09-11,2025-09-11 14:01:28,002298.SZ,S,9.770,400
644,52,2025-09-11,2025-09-11 14:01:16,002298.SZ,S,9.770,400
645,49,2025-09-11,2025-09-11 14:01:26,601020.SH,S,26.780,300
646,59,2025-09-11,2025-09-11 14:01:26,300398.SZ,B,22.620,100
647,61,2025-09-11,2025-09-11 14:01:25,601777.SH,B,11.280,400
648,51,2025-09-11,2025-09-11 14:01:21,300642.SZ,S,24.730,200
649,61,2025-09-11,2025-09-11 14:01:17,301319.SZ,S,31.190,100
650,61,2025-09-11,2025-09-11 14:01:17,603300.SH,B,10.170,500
651,59,2025-09-11,2025-09-11 14:01:17,603300.SH,B,10.170,100
652,58,2025-09-11,2025-09-11 14:01:15,601020.SH,S,26.780,400
653,58,2025-09-11,2025-09-11 13:58:30,002506.SZ,S,2.610,100
654,59,2025-09-11,2025-09-11 13:58:30,000882.SZ,S,2.170,100
655,61,2025-09-11,2025-09-11 13:58:30,000778.SZ,S,3.790,100
656,58,2025-09-11,2025-09-11 13:58:16,002203.SZ,B,12.650,100
657,58,2025-09-11,2025-09-11 13:58:16,002203.SZ,B,12.650,300
658,51,2025-09-11,2025-09-11 13:58:19,601727.SH,B,8.110,900
659,49,2025-09-11,2025-09-11 13:58:14,601818.SH,S,3.660,100
660,52,2025-09-11,2025-09-11 13:58:13,000778.SZ,S,3.790,100
661,51,2025-09-11,2025-09-11 13:58:17,601727.SH,B,8.110,1300
662,59,2025-09-11,2025-09-11 13:58:09,300128.SZ,S,5.290,100
663,59,2025-09-11,2025-09-11 13:58:08,300289.SZ,S,8.040,100
664,59,2025-09-11,2025-09-11 13:58:08,002225.SZ,S,6.160,200
665,59,2025-09-11,2025-09-11 13:58:08,600578.SH,S,4.470,100
666,61,2025-09-11,2025-09-11 13:58:08,002225.SZ,S,6.160,300
667,51,2025-09-11,2025-09-11 13:58:11,002637.SZ,S,11.360,100
668,59,2025-09-11,2025-09-11 13:58:07,600643.SH,S,5.780,200
669,61,2025-09-11,2025-09-11 13:58:07,600973.SH,S,5.200,100
670,52,2025-09-11,2025-09-11 13:58:06,002097.SZ,S,14.100,100
671,52,2025-09-11,2025-09-11 13:58:06,601686.SH,S,5.890,100
672,52,2025-09-11,2025-09-11 13:58:06,600064.SH,S,7.990,100
673,52,2025-09-11,2025-09-11 13:58:06,601668.SH,S,5.510,100
674,51,2025-09-11,2025-09-11 13:58:01,002445.SZ,S,2.750,200
675,49,2025-09-11,2025-09-11 13:57:46,600935.SH,S,2.570,100
676,61,2025-09-11,2025-09-11 13:57:46,000709.SZ,S,2.410,100
677,61,2025-09-11,2025-09-11 13:57:45,000717.SZ,S,2.840,100
678,61,2025-09-11,2025-09-11 13:57:46,002476.SZ,S,5.530,100
679,61,2025-09-11,2025-09-11 13:57:41,002484.SZ,B,33.290,100
680,61,2025-09-11,2025-09-11 13:57:35,002246.SZ,S,16.280,100
681,49,2025-09-11,2025-09-11 13:57:20,600036.SH,S,43.040,100
682,52,2025-09-11,2025-09-11 13:56:21,601881.SH,B,17.320,100
683,61,2025-09-11,2025-09-11 13:56:33,600166.SH,S,2.830,100
684,58,2025-09-11,2025-09-11 13:56:08,002225.SZ,S,6.170,100
685,58,2025-09-11,2025-09-11 13:55:33,000422.SZ,B,14.910,700
686,61,2025-09-11,2025-09-11 13:55:28,301257.SZ,B,48.580,100
687,59,2025-09-11,2025-09-11 13:55:27,002148.SZ,S,10.270,200
688,61,2025-09-11,2025-09-11 13:55:26,002148.SZ,S,10.270,100
689,61,2025-09-11,2025-09-11 13:55:26,002148.SZ,S,10.270,300
690,49,2025-09-11,2025-09-11 13:55:26,002148.SZ,S,10.270,100
691,58,2025-09-11,2025-09-11 13:55:04,002456.SZ,S,13.630,300
692,61,2025-09-11,2025-09-11 13:54:38,601872.SH,S,8.110,200
693,61,2025-09-11,2025-09-11 13:54:22,002245.SZ,S,18.270,100
694,58,2025-09-11,2025-09-11 13:54:07,002456.SZ,S,13.620,300
695,59,2025-09-11,2025-09-11 13:54:05,300251.SZ,S,19.180,100
696,61,2025-09-11,2025-09-11 13:54:04,603588.SH,S,6.740,200
697,52,2025-09-11,2025-09-11 13:54:03,002445.SZ,S,2.750,100
698,51,2025-09-11,2025-09-11 13:54:01,002298.SZ,S,9.750,600
699,61,2025-09-11,2025-09-11 13:53:57,002695.SZ,S,13.990,100
700,52,2025-09-11,2025-09-11 13:52:45,002203.SZ,B,12.640,300
701,52,2025-09-11,2025-09-11 13:50:25,002723.SZ,S,9.870,100
702,52,2025-09-11,2025-09-11 13:53:04,002298.SZ,S,9.760,200
703,58,2025-09-11,2025-09-11 13:53:03,600651.SH,S,7.020,400
704,52,2025-09-11,2025-09-11 13:51:54,600651.SH,S,7.020,100
705,59,2025-09-11,2025-09-11 13:52:53,600619.SH,B,20.850,100
706,58,2025-09-11,2025-09-11 13:52:48,600392.SH,S,22.530,200
707,58,2025-09-11,2025-09-11 13:52:48,600392.SH,S,22.530,200
708,52,2025-09-11,2025-09-11 13:52:47,600392.SH,S,22.530,100
709,59,2025-09-11,2025-09-11 13:52:24,600651.SH,S,7.020,200
710,61,2025-09-11,2025-09-11 13:52:25,300586.SZ,S,11.080,100
711,49,2025-09-11,2025-09-11 13:52:24,600651.SH,S,7.020,100
712,61,2025-09-11,2025-09-11 13:52:04,002484.SZ,B,33.170,200
713,58,2025-09-11,2025-09-11 13:52:03,002203.SZ,B,12.650,500
714,49,2025-09-11,2025-09-11 13:52:03,300631.SZ,B,35.200,100
715,58,2025-09-11,2025-09-11 13:52:03,002203.SZ,B,12.650,200
716,58,2025-09-11,2025-09-11 13:52:00,000422.SZ,B,14.910,300
717,52,2025-09-11,2025-09-11 13:52:00,000422.SZ,B,14.910,200
718,52,2025-09-11,2025-09-11 13:51:42,300568.SZ,S,14.500,100
719,61,2025-09-11,2025-09-11 13:51:54,600651.SH,S,7.010,500
720,59,2025-09-11,2025-09-11 13:51:50,603113.SH,S,7.540,100
721,58,2025-09-11,2025-09-11 13:51:47,002148.SZ,S,10.280,400
722,52,2025-09-11,2025-09-11 13:51:46,002148.SZ,S,10.280,100
723,51,2025-09-11,2025-09-11 13:51:49,002148.SZ,S,10.280,300
724,52,2025-09-11,2025-09-11 13:51:08,603766.SH,B,12.240,300
725,58,2025-09-11,2025-09-11 13:51:21,603766.SH,B,12.240,900
726,58,2025-09-11,2025-09-11 13:51:21,603766.SH,B,12.240,400
727,61,2025-09-11,2025-09-11 13:51:18,600266.SH,S,5.150,100
728,61,2025-09-11,2025-09-11 13:50:58,300292.SZ,S,5.110,100
729,49,2025-09-11,2025-09-11 13:50:53,601169.SH,S,6.030,100
730,58,2025-09-11,2025-09-11 13:50:39,002456.SZ,S,13.590,600
731,61,2025-09-11,2025-09-11 13:50:38,002203.SZ,B,12.660,300
732,51,2025-09-11,2025-09-11 13:50:18,600980.SH,S,24.710,100
733,61,2025-09-11,2025-09-11 13:49:53,300363.SZ,S,25.500,100
734,61,2025-09-11,2025-09-11 13:49:43,002448.SZ,S,10.470,200
735,51,2025-09-11,2025-09-11 13:49:46,002723.SZ,S,9.860,500
736,61,2025-09-11,2025-09-11 13:49:28,000059.SZ,S,5.340,100
737,59,2025-09-11,2025-09-11 13:49:04,002203.SZ,B,12.660,900
738,58,2025-09-11,2025-09-11 13:48:39,002484.SZ,B,33.180,100
739,52,2025-09-11,2025-09-11 13:48:39,002484.SZ,B,33.180,100
740,58,2025-09-11,2025-09-11 13:48:35,002550.SZ,B,9.890,300
741,59,2025-09-11,2025-09-11 13:48:35,002550.SZ,B,9.890,100
742,61,2025-09-11,2025-09-11 13:48:35,002550.SZ,B,9.890,500
743,49,2025-09-11,2025-09-11 13:48:35,002550.SZ,B,9.890,100
744,49,2025-09-11,2025-09-11 13:48:34,000422.SZ,B,14.910,300
745,61,2025-09-11,2025-09-11 13:48:34,000422.SZ,B,14.910,1800
746,59,2025-09-11,2025-09-11 13:48:34,000422.SZ,B,14.910,600
747,51,2025-09-11,2025-09-11 13:48:32,600392.SH,S,22.500,200
748,61,2025-09-11,2025-09-11 13:48:23,002203.SZ,B,12.670,300
749,52,2025-09-11,2025-09-11 13:48:11,600901.SH,S,5.580,100
750,49,2025-09-11,2025-09-11 13:48:12,002252.SZ,S,6.850,100
751,52,2025-09-11,2025-09-11 13:46:18,601600.SH,B,7.780,100
752,61,2025-09-11,2025-09-11 13:48:10,000555.SZ,B,13.750,100
753,59,2025-09-11,2025-09-11 13:48:03,600392.SH,S,22.530,200
754,49,2025-09-11,2025-09-11 13:48:03,600392.SH,S,22.530,100
755,61,2025-09-11,2025-09-11 13:48:03,600392.SH,S,22.530,400
756,52,2025-09-11,2025-09-11 13:47:33,002456.SZ,S,13.620,600
757,61,2025-09-11,2025-09-11 13:47:35,002456.SZ,S,13.610,340
758,61,2025-09-11,2025-09-11 13:47:35,002456.SZ,S,13.610,160
759,59,2025-09-11,2025-09-11 13:47:35,600967.SH,S,19.160,200
760,61,2025-09-11,2025-09-11 13:47:35,600967.SH,S,19.160,300
761,52,2025-09-11,2025-09-11 13:46:30,601727.SH,B,8.100,200
762,59,2025-09-11,2025-09-11 13:47:32,002456.SZ,S,13.620,400
763,59,2025-09-11,2025-09-11 13:47:32,002456.SZ,S,13.620,600
764,61,2025-09-11,2025-09-11 13:47:31,002456.SZ,S,13.620,500
765,61,2025-09-11,2025-09-11 13:47:31,603063.SH,S,33.710,100
766,49,2025-09-11,2025-09-11 13:47:28,601398.SH,S,7.490,100
767,51,2025-09-11,2025-09-11 13:47:17,300568.SZ,S,14.490,300
768,49,2025-09-11,2025-09-11 13:47:05,002203.SZ,B,12.670,300
769,58,2025-09-11,2025-09-11 13:47:05,002456.SZ,S,13.610,1040
770,58,2025-09-11,2025-09-11 13:47:05,002456.SZ,S,13.610,360
771,51,2025-09-11,2025-09-11 13:47:07,002456.SZ,S,13.610,100
772,58,2025-09-11,2025-09-11 13:46:58,300363.SZ,B,25.510,100
773,61,2025-09-11,2025-09-11 13:46:54,605050.SH,S,19.760,100
774,49,2025-09-11,2025-09-11 13:46:53,600795.SH,S,5.170,100
775,52,2025-09-11,2025-09-11 13:46:19,002169.SZ,S,7.270,100
776,58,2025-09-11,2025-09-11 13:46:44,002245.SZ,S,18.270,100
777,51,2025-09-11,2025-09-11 13:46:46,601519.SH,S,15.700,100
778,52,2025-09-11,2025-09-11 13:46:39,002396.SZ,B,30.770,100
779,61,2025-09-11,2025-09-11 13:46:29,002203.SZ,B,12.660,300
780,61,2025-09-11,2025-09-11 13:46:29,300213.SZ,B,11.220,100
781,52,2025-09-11,2025-09-11 13:46:26,300631.SZ,B,35.140,100
782,51,2025-09-11,2025-09-11 13:46:29,601727.SH,B,8.100,1700
783,49,2025-09-11,2025-09-11 13:46:21,603766.SH,B,12.160,100
784,49,2025-09-11,2025-09-11 13:46:21,603766.SH,B,12.160,300
785,59,2025-09-11,2025-09-11 13:46:20,002484.SZ,B,33.140,100
786,61,2025-09-11,2025-09-11 13:46:19,603766.SH,B,12.160,900
787,52,2025-09-11,2025-09-11 13:46:19,600166.SH,S,2.830,100
788,59,2025-09-11,2025-09-11 13:46:16,600513.SH,B,21.690,100
789,61,2025-09-11,2025-09-11 13:46:14,600428.SH,S,7.030,100
790,59,2025-09-11,2025-09-11 13:43:30,300185.SZ,S,2.810,300
791,59,2025-09-11,2025-09-11 13:43:09,600643.SH,B,5.780,100
792,59,2025-09-11,2025-09-11 13:43:09,600643.SH,B,5.780,100
793,59,2025-09-11,2025-09-11 13:43:09,600643.SH,B,5.780,100
794,61,2025-09-11,2025-09-11 13:43:08,600973.SH,B,5.210,200
795,51,2025-09-11,2025-09-11 13:43:12,002203.SZ,B,12.670,300
796,51,2025-09-11,2025-09-11 13:43:11,002775.SZ,S,4.390,200
797,61,2025-09-11,2025-09-11 13:42:45,600863.SH,S,4.140,200
798,59,2025-09-11,2025-09-11 13:42:45,600967.SH,B,19.110,300
799,52,2025-09-11,2025-09-11 13:31:20,002523.SZ,B,3.810,100
800,59,2025-09-11,2025-09-11 13:42:23,300631.SZ,B,35.130,300
801,61,2025-09-11,2025-09-11 13:42:14,600643.SH,S,5.780,100
802,61,2025-09-11,2025-09-11 13:40:27,688800.SH,S,74.750,59
803,58,2025-09-11,2025-09-11 13:41:19,002225.SZ,B,6.170,400
804,52,2025-09-11,2025-09-11 13:41:03,002552.SZ,S,16.860,200
805,61,2025-09-11,2025-09-11 13:41:02,603613.SH,S,31.890,200
806,51,2025-09-11,2025-09-11 13:40:46,002203.SZ,B,12.680,500
807,61,2025-09-11,2025-09-11 13:40:40,002246.SZ,B,16.270,200
808,61,2025-09-11,2025-09-11 13:40:14,002448.SZ,B,10.430,200
809,59,2025-09-11,2025-09-11 13:40:08,601615.SH,S,12.740,200
810,51,2025-09-11,2025-09-11 13:39:58,600521.SH,S,23.410,200
811,52,2025-09-11,2025-09-11 13:39:39,601162.SH,B,5.590,100
812,61,2025-09-11,2025-09-11 13:39:39,603588.SH,B,6.740,200
813,61,2025-09-11,2025-09-11 13:39:20,300586.SZ,B,11.110,200
814,49,2025-09-11,2025-09-11 13:39:07,002020.SZ,S,19.270,100
815,49,2025-09-11,2025-09-11 13:39:02,600795.SH,B,5.170,100
816,52,2025-09-11,2025-09-11 13:38:50,002097.SZ,B,14.110,100
817,52,2025-09-11,2025-09-11 13:38:47,600901.SH,S,5.580,100
818,61,2025-09-11,2025-09-11 13:38:47,300631.SZ,B,35.180,200
819,52,2025-09-11,2025-09-11 13:38:42,002203.SZ,B,12.680,100
820,61,2025-09-11,2025-09-11 13:38:39,600619.SH,B,20.870,200
821,49,2025-09-11,2025-09-11 13:38:25,600967.SH,B,19.160,100
822,51,2025-09-11,2025-09-11 13:38:29,002203.SZ,B,12.680,100
823,51,2025-09-11,2025-09-11 13:38:29,002203.SZ,B,12.680,200
824,51,2025-09-11,2025-09-11 13:38:20,600079.SH,S,21.930,200
825,61,2025-09-11,2025-09-11 13:37:46,600967.SH,B,19.160,600
826,61,2025-09-11,2025-09-11 13:37:44,300213.SZ,S,11.300,500
827,58,2025-09-11,2025-09-11 13:37:36,300213.SZ,S,11.300,400
828,59,2025-09-11,2025-09-11 13:37:34,003017.SZ,B,34.740,300
829,61,2025-09-11,2025-09-11 13:37:32,301046.SZ,B,25.580,200
830,58,2025-09-11,2025-09-11 13:37:31,600967.SH,B,19.170,200
831,52,2025-09-11,2025-09-11 13:37:31,600967.SH,B,19.170,100
832,49,2025-09-11,2025-09-11 13:37:10,605303.SH,B,15.480,100
833,59,2025-09-11,2025-09-11 13:37:02,300363.SZ,B,25.490,300
834,52,2025-09-11,2025-09-11 13:36:39,603687.SH,S,8.610,100
835,58,2025-09-11,2025-09-11 13:36:36,600785.SH,S,15.000,100
836,61,2025-09-11,2025-09-11 13:36:21,601872.SH,B,8.100,200
837,49,2025-09-11,2025-09-11 13:36:16,600166.SH,S,2.830,100
838,59,2025-09-11,2025-09-11 13:36:15,300009.SZ,S,10.600,200
839,52,2025-09-11,2025-09-11 13:36:00,002246.SZ,S,16.290,100
840,61,2025-09-11,2025-09-11 13:35:50,688062.SH,S,50.000,341
841,59,2025-09-11,2025-09-11 13:35:50,688062.SH,S,50.000,151
842,59,2025-09-11,2025-09-11 13:35:50,688062.SH,S,50.000,49
843,61,2025-09-11,2025-09-11 13:35:48,603231.SH,S,19.160,100
844,59,2025-09-11,2025-09-11 13:35:44,601975.SH,B,3.310,300
845,52,2025-09-11,2025-09-11 13:35:41,002065.SZ,B,10.380,400
846,59,2025-09-11,2025-09-11 13:35:19,603766.SH,S,12.190,300
847,61,2025-09-11,2025-09-11 13:35:19,603766.SH,S,12.190,100
848,49,2025-09-11,2025-09-11 13:35:19,603766.SH,S,12.190,100
849,51,2025-09-11,2025-09-11 13:35:02,002922.SZ,S,22.100,100
850,52,2025-09-11,2025-09-11 13:34:54,688062.SH,S,49.910,200
851,58,2025-09-11,2025-09-11 13:34:54,603613.SH,S,31.950,100
852,58,2025-09-11,2025-09-11 13:34:54,688062.SH,S,49.910,242
853,51,2025-09-11,2025-09-11 13:34:56,003020.SZ,S,30.180,100
854,52,2025-09-11,2025-09-11 13:34:49,002225.SZ,S,6.160,200
855,61,2025-09-11,2025-09-11 13:34:22,300048.SZ,S,6.670,100
856,61,2025-09-11,2025-09-11 13:34:09,600733.SH,S,8.700,100
857,49,2025-09-11,2025-09-11 13:34:09,600733.SH,S,8.700,100
858,59,2025-09-11,2025-09-11 13:34:08,600733.SH,S,8.700,100
859,52,2025-09-11,2025-09-11 13:31:20,603669.SH,B,5.770,100
860,59,2025-09-11,2025-09-11 13:34:02,002072.SZ,S,7.980,300
861,49,2025-09-11,2025-09-11 13:33:52,003017.SZ,B,34.800,100
862,52,2025-09-11,2025-09-11 13:32:55,301046.SZ,B,25.650,100
863,51,2025-09-11,2025-09-11 13:33:29,300636.SZ,S,9.100,300
864,61,2025-09-11,2025-09-11 13:33:24,600428.SH,S,7.030,100
865,61,2025-09-11,2025-09-11 13:33:22,300158.SZ,S,7.680,100
866,59,2025-09-11,2025-09-11 13:33:22,300128.SZ,B,5.310,300
867,61,2025-09-11,2025-09-11 13:33:20,603063.SH,B,33.720,200
868,61,2025-09-11,2025-09-11 13:33:06,600497.SH,S,6.230,100
869,49,2025-09-11,2025-09-11 13:33:04,300078.SZ,S,3.510,100
870,61,2025-09-11,2025-09-11 13:33:04,300364.SZ,B,28.560,200
871,59,2025-09-11,2025-09-11 13:32:52,002225.SZ,B,6.160,300
872,61,2025-09-11,2025-09-11 13:32:52,002225.SZ,B,6.160,600
873,49,2025-09-11,2025-09-11 13:32:52,002225.SZ,B,6.160,100
874,61,2025-09-11,2025-09-11 13:32:49,605050.SH,B,19.930,200
875,59,2025-09-11,2025-09-11 13:32:48,603231.SH,B,19.130,300
876,61,2025-09-11,2025-09-11 13:32:48,300363.SZ,B,25.500,200
877,61,2025-09-11,2025-09-11 13:32:46,000690.SZ,S,4.800,100
878,52,2025-09-11,2025-09-11 13:32:44,300003.SZ,B,17.780,100
879,61,2025-09-11,2025-09-11 13:32:27,600578.SH,S,4.470,100
880,52,2025-09-11,2025-09-11 13:31:20,300636.SZ,S,9.100,100
881,58,2025-09-11,2025-09-11 13:32:24,300631.SZ,B,35.090,200
882,52,2025-09-11,2025-09-11 13:31:20,002169.SZ,B,7.280,100
883,58,2025-09-11,2025-09-11 13:32:18,300631.SZ,B,35.090,200
884,59,2025-09-11,2025-09-11 13:32:08,600166.SH,S,2.830,100
885,52,2025-09-11,2025-09-11 13:32:06,300213.SZ,S,11.380,300
886,51,2025-09-11,2025-09-11 13:32:04,002065.SZ,B,10.370,400
887,49,2025-09-11,2025-09-11 13:31:57,300830.SZ,B,11.460,100
888,61,2025-09-11,2025-09-11 13:31:54,301487.SZ,S,24.900,100
889,61,2025-09-11,2025-09-11 13:31:54,301487.SZ,S,24.900,300
890,61,2025-09-11,2025-09-11 13:31:47,688518.SH,S,28.020,350
891,59,2025-09-11,2025-09-11 13:31:46,603456.SH,S,18.640,200
892,51,2025-09-11,2025-09-11 13:31:49,002065.SZ,B,10.380,700
893,52,2025-09-11,2025-09-11 13:31:20,600733.SH,S,8.690,100
894,61,2025-09-11,2025-09-11 13:31:36,002480.SZ,S,6.970,200
895,61,2025-09-11,2025-09-11 13:31:37,300145.SZ,S,4.830,100
896,52,2025-09-11,2025-09-11 13:31:20,002356.SZ,S,3.670,500
897,51,2025-09-11,2025-09-11 13:31:23,002356.SZ,S,3.670,2000
898,58,2025-09-11,2025-09-11 13:31:17,300213.SZ,S,11.330,200
899,58,2025-09-11,2025-09-11 13:31:17,300213.SZ,S,11.330,100
900,58,2025-09-11,2025-09-11 13:31:17,300213.SZ,S,11.330,200
901,58,2025-09-11,2025-09-11 13:31:17,300213.SZ,S,11.330,100
902,59,2025-09-11,2025-09-11 13:31:17,300213.SZ,S,11.330,400
903,61,2025-09-11,2025-09-11 13:31:17,300213.SZ,S,11.330,200
904,49,2025-09-11,2025-09-11 13:31:17,300213.SZ,S,11.330,100
905,61,2025-09-11,2025-09-11 13:31:17,300213.SZ,S,11.330,200
906,61,2025-09-11,2025-09-11 13:31:17,300213.SZ,S,11.330,100
907,49,2025-09-11,2025-09-11 13:31:17,300213.SZ,S,11.330,100
908,61,2025-09-11,2025-09-11 13:31:17,300213.SZ,S,11.330,100
909,49,2025-09-11,2025-09-11 13:31:17,300213.SZ,S,11.330,100
910,51,2025-09-11,2025-09-11 13:31:17,603687.SH,S,8.630,300
911,49,2025-09-11,2025-09-11 13:28:30,601096.SH,S,4.380,100
912,58,2025-09-11,2025-09-11 13:28:07,600658.SH,S,6.190,100
913,61,2025-09-11,2025-09-11 13:28:08,600643.SH,B,5.790,200
914,61,2025-09-11,2025-09-11 13:28:08,600266.SH,S,5.150,100
915,49,2025-09-11,2025-09-11 13:28:07,601600.SH,S,7.780,100
916,58,2025-09-11,2025-09-11 13:28:06,601061.SH,S,9.380,100
917,58,2025-09-11,2025-09-11 13:28:06,603231.SH,B,19.170,100
918,59,2025-09-11,2025-09-11 13:28:03,600981.SH,S,3.120,200
919,61,2025-09-11,2025-09-11 13:27:51,603231.SH,B,19.160,100
920,59,2025-09-11,2025-09-11 13:27:47,000717.SZ,S,2.840,200
921,61,2025-09-11,2025-09-11 13:27:45,600863.SH,B,4.150,200
922,58,2025-09-11,2025-09-11 13:27:40,002551.SZ,S,4.210,100
923,59,2025-09-11,2025-09-11 13:27:30,601615.SH,B,12.740,300
924,59,2025-09-11,2025-09-11 13:27:25,605303.SH,B,15.510,100
925,59,2025-09-11,2025-09-11 13:27:25,605303.SH,B,15.510,100
926,59,2025-09-11,2025-09-11 13:27:25,605303.SH,B,15.510,100
927,58,2025-09-11,2025-09-11 13:27:24,300217.SZ,B,6.140,100
928,61,2025-09-11,2025-09-11 13:27:10,002524.SZ,S,4.380,100
929,61,2025-09-11,2025-09-11 13:26:54,300723.SZ,B,61.210,100
930,61,2025-09-11,2025-09-11 13:26:54,300723.SZ,B,61.210,100
931,61,2025-09-11,2025-09-11 13:26:37,601778.SH,S,4.640,1400
932,61,2025-09-11,2025-09-11 13:26:34,601311.SH,S,10.890,100
933,61,2025-09-11,2025-09-11 13:26:16,603185.SH,S,24.180,100
934,59,2025-09-11,2025-09-11 13:26:00,603113.SH,S,7.550,100
935,61,2025-09-11,2025-09-11 13:25:49,603231.SH,B,19.150,100
936,58,2025-09-11,2025-09-11 13:25:36,000534.SZ,S,16.330,100
937,59,2025-09-11,2025-09-11 13:25:19,300501.SZ,B,17.080,300
938,61,2025-09-11,2025-09-11 13:25:12,688518.SH,B,27.980,111
939,61,2025-09-11,2025-09-11 13:25:12,688518.SH,B,27.970,363
940,49,2025-09-11,2025-09-11 13:25:10,688613.SH,S,27.040,277
941,61,2025-09-11,2025-09-11 13:25:10,688613.SH,S,27.020,680
942,58,2025-09-11,2025-09-11 13:25:08,603089.SH,S,16.850,100
943,58,2025-09-11,2025-09-11 13:25:08,688613.SH,S,27.020,450
944,61,2025-09-11,2025-09-11 13:25:02,301487.SZ,B,24.860,200
945,51,2025-09-11,2025-09-11 13:25:06,601991.SH,S,3.690,100
946,59,2025-09-11,2025-09-11 13:25:01,688613.SH,S,27.050,224
947,61,2025-09-11,2025-09-11 13:25:01,688613.SH,S,27.050,400
948,59,2025-09-11,2025-09-11 13:25:01,688613.SH,S,27.050,183
949,61,2025-09-11,2025-09-11 13:25:00,000600.SZ,S,7.680,100
950,49,2025-09-11,2025-09-11 13:25:00,000600.SZ,S,7.680,100
951,61,2025-09-11,2025-09-11 13:24:58,300889.SZ,B,19.320,200
952,61,2025-09-11,2025-09-11 13:24:57,000600.SZ,S,7.680,100
953,58,2025-09-11,2025-09-11 13:24:52,300682.SZ,B,23.670,200
954,58,2025-09-11,2025-09-11 13:24:49,300682.SZ,B,23.670,200
955,58,2025-09-11,2025-09-11 13:24:33,300426.SZ,B,10.820,400
956,61,2025-09-11,2025-09-11 13:24:18,002511.SZ,S,8.500,100
957,52,2025-09-11,2025-09-11 13:24:09,002097.SZ,S,14.110,100
958,61,2025-09-11,2025-09-11 13:24:15,002520.SZ,B,7.040,1700
959,49,2025-09-11,2025-09-11 13:24:15,002520.SZ,B,7.040,200
960,59,2025-09-11,2025-09-11 13:24:15,002520.SZ,B,7.040,900
961,58,2025-09-11,2025-09-11 13:24:13,002225.SZ,B,6.160,300
962,58,2025-09-11,2025-09-11 13:24:13,002225.SZ,B,6.160,100
963,58,2025-09-11,2025-09-11 13:24:13,002225.SZ,B,6.160,100
964,58,2025-09-11,2025-09-11 13:23:59,600490.SH,S,6.490,800
965,59,2025-09-11,2025-09-11 13:23:41,300009.SZ,B,10.610,300
966,58,2025-09-11,2025-09-11 13:23:40,605303.SH,B,15.510,100
967,49,2025-09-11,2025-09-11 13:23:38,300723.SZ,B,61.050,100
968,58,2025-09-11,2025-09-11 13:23:24,605303.SH,B,15.510,200
969,49,2025-09-11,2025-09-11 13:23:22,300426.SZ,B,10.830,200
970,58,2025-09-11,2025-09-11 13:23:11,300723.SZ,B,61.080,200
971,49,2025-09-11,2025-09-11 13:23:10,603231.SH,B,19.180,100
972,52,2025-09-11,2025-09-11 13:23:07,300426.SZ,B,10.820,200
973,61,2025-09-11,2025-09-11 13:23:01,002701.SZ,S,5.850,180
974,61,2025-09-11,2025-09-11 13:23:00,002701.SZ,S,5.850,20
975,61,2025-09-11,2025-09-11 13:22:58,601872.SH,S,8.140,100
976,61,2025-09-11,2025-09-11 13:22:45,000680.SZ,S,9.680,200
977,59,2025-09-11,2025-09-11 13:22:08,600866.SH,S,7.640,100
978,61,2025-09-11,2025-09-11 13:22:00,300830.SZ,B,11.430,200
979,52,2025-09-11,2025-09-11 13:21:51,600079.SH,B,21.970,100
980,58,2025-09-11,2025-09-11 13:21:53,300830.SZ,B,11.440,100
981,58,2025-09-11,2025-09-11 13:21:53,300830.SZ,B,11.440,100
982,59,2025-09-11,2025-09-11 13:21:53,300830.SZ,B,11.430,300
983,52,2025-09-11,2025-09-11 13:21:51,600079.SH,B,21.970,100
984,61,2025-09-11,2025-09-11 13:21:53,300830.SZ,B,11.430,200
985,61,2025-09-11,2025-09-11 13:21:42,002899.SZ,B,19.870,100
986,58,2025-09-11,2025-09-11 13:21:41,002169.SZ,S,7.260,100
987,52,2025-09-11,2025-09-11 13:19:21,002169.SZ,S,7.260,100
988,61,2025-09-11,2025-09-11 13:21:31,002899.SZ,B,19.870,100
989,61,2025-09-11,2025-09-11 13:21:23,003017.SZ,B,34.650,200
990,61,2025-09-11,2025-09-11 13:21:23,003017.SZ,B,34.650,100
991,61,2025-09-11,2025-09-11 13:21:23,003017.SZ,B,34.650,100
992,61,2025-09-11,2025-09-11 13:21:23,003017.SZ,B,34.650,200
993,59,2025-09-11,2025-09-11 13:21:20,002225.SZ,S,6.180,100
994,61,2025-09-11,2025-09-11 13:21:20,002225.SZ,S,6.180,400
995,61,2025-09-11,2025-09-11 13:21:15,300952.SZ,B,31.250,200
996,58,2025-09-11,2025-09-11 13:21:06,603192.SH,B,23.310,100
997,58,2025-09-11,2025-09-11 13:21:06,600356.SH,S,10.420,100
998,58,2025-09-11,2025-09-11 13:21:02,688613.SH,S,26.980,400
999,59,2025-09-11,2025-09-11 13:20:56,300586.SZ,S,11.120,200
1000,61,2025-09-11,2025-09-11 13:20:55,300586.SZ,S,11.120,200
1001,61,2025-09-11,2025-09-11 13:20:51,603028.SH,S,8.360,100
1002,58,2025-09-11,2025-09-11 13:20:38,002015.SZ,S,12.340,100
1003,58,2025-09-11,2025-09-11 13:20:35,688613.SH,S,26.930,200
1004,61,2025-09-11,2025-09-11 13:20:30,301487.SZ,B,24.840,300
1005,52,2025-09-11,2025-09-11 13:20:06,002520.SZ,B,7.030,200
1006,58,2025-09-11,2025-09-11 13:20:20,002520.SZ,B,7.030,700
1007,58,2025-09-11,2025-09-11 13:20:19,688658.SH,B,25.630,213
1008,58,2025-09-11,2025-09-11 13:20:17,002520.SZ,B,7.030,100
1009,58,2025-09-11,2025-09-11 13:20:16,300333.SZ,B,13.670,100
1010,61,2025-09-11,2025-09-11 13:20:13,000592.SZ,S,3.320,100
1011,61,2025-09-11,2025-09-11 13:20:11,605303.SH,B,15.490,600
1012,58,2025-09-11,2025-09-11 13:20:11,003017.SZ,B,34.670,200
1013,58,2025-09-11,2025-09-11 13:20:10,301500.SZ,B,17.490,100
1014,51,2025-09-11,2025-09-11 13:20:15,600079.SH,B,21.970,1300
1015,49,2025-09-11,2025-09-11 13:20:10,300501.SZ,B,17.060,100
1016,52,2025-09-11,2025-09-11 13:20:10,002552.SZ,B,16.900,200
1017,58,2025-09-11,2025-09-11 13:20:07,600698.SH,B,10.260,100
1018,58,2025-09-11,2025-09-11 13:20:07,002073.SZ,B,8.810,1100
1019,58,2025-09-11,2025-09-11 13:20:07,600319.SH,B,8.220,100
1020,49,2025-09-11,2025-09-11 13:20:08,601615.SH,B,12.740,100
1021,61,2025-09-11,2025-09-11 13:20:07,002073.SZ,B,8.810,1300
1022,59,2025-09-11,2025-09-11 13:20:08,002073.SZ,B,8.810,600
1023,52,2025-09-11,2025-09-11 13:20:07,002073.SZ,B,8.810,400
1024,52,2025-09-11,2025-09-11 13:20:06,002225.SZ,B,6.150,200
1025,52,2025-09-11,2025-09-11 13:20:06,002225.SZ,B,6.150,200
1026,59,2025-09-11,2025-09-11 13:20:04,603766.SH,B,12.240,300
1027,59,2025-09-11,2025-09-11 13:20:05,300723.SZ,B,60.990,200
1028,49,2025-09-11,2025-09-11 13:20:04,603766.SH,B,12.240,100
1029,61,2025-09-11,2025-09-11 13:20:04,603766.SH,B,12.240,200
1030,52,2025-09-11,2025-09-11 13:19:59,600901.SH,B,5.570,100
1031,52,2025-09-11,2025-09-11 13:19:59,600901.SH,B,5.570,100
1032,59,2025-09-11,2025-09-11 13:20:02,002622.SZ,S,3.850,100
1033,58,2025-09-11,2025-09-11 13:19:54,301366.SZ,B,39.350,100
1034,59,2025-09-11,2025-09-11 13:19:48,601126.SH,B,17.450,300
1035,61,2025-09-11,2025-09-11 13:19:38,300694.SZ,B,13.670,200
1036,61,2025-09-11,2025-09-11 13:19:38,002169.SZ,S,7.250,100
1037,59,2025-09-11,2025-09-11 13:19:38,002169.SZ,S,7.250,100
1038,61,2025-09-11,2025-09-11 13:19:33,601886.SH,S,7.610,100
1039,61,2025-09-11,2025-09-11 13:19:33,688518.SH,B,27.990,200
1040,58,2025-09-11,2025-09-11 13:19:31,002723.SZ,S,9.910,100
1041,61,2025-09-11,2025-09-11 13:19:31,600737.SH,S,16.850,100
1042,59,2025-09-11,2025-09-11 13:19:32,600737.SH,S,16.860,100
1043,52,2025-09-11,2025-09-11 13:19:21,000017.SZ,S,7.080,100
1044,58,2025-09-11,2025-09-11 13:19:26,300694.SZ,B,13.680,100
1045,58,2025-09-11,2025-09-11 13:19:24,301046.SZ,B,25.630,100
1046,52,2025-09-11,2025-09-11 13:19:23,002246.SZ,B,16.290,200
1047,58,2025-09-11,2025-09-11 13:19:20,002899.SZ,B,19.900,100
1048,58,2025-09-11,2025-09-11 13:19:20,600513.SH,B,21.800,100
1049,49,2025-09-11,2025-09-11 13:19:19,002073.SZ,B,8.810,500
1050,58,2025-09-11,2025-09-11 13:19:18,000428.SZ,S,3.760,100
1051,52,2025-09-11,2025-09-11 13:16:17,601998.SH,S,7.870,100
1052,59,2025-09-11,2025-09-11 13:19:18,600698.SH,S,10.260,100
1053,58,2025-09-11,2025-09-11 13:19:13,000901.SZ,B,16.240,100
1054,58,2025-09-11,2025-09-11 13:19:13,300636.SZ,S,9.100,100
1055,58,2025-09-11,2025-09-11 13:19:12,603818.SH,S,4.040,100
1056,58,2025-09-11,2025-09-11 13:19:10,300304.SZ,B,13.440,100
1057,58,2025-09-11,2025-09-11 13:19:05,300657.SZ,B,32.150,100
1058,61,2025-09-11,2025-09-11 13:18:59,002480.SZ,B,6.940,200
1059,52,2025-09-11,2025-09-11 13:18:54,000783.SZ,B,8.260,200
1060,58,2025-09-11,2025-09-11 13:18:54,300150.SZ,S,5.510,100
1061,61,2025-09-11,2025-09-11 13:18:52,600698.SH,S,10.260,500
1062,58,2025-09-11,2025-09-11 13:18:52,300404.SZ,S,10.630,100
1063,58,2025-09-11,2025-09-11 13:18:51,301487.SZ,B,24.910,400
1064,61,2025-09-11,2025-09-11 13:18:47,600490.SH,S,6.500,700
1065,61,2025-09-11,2025-09-11 13:18:41,603613.SH,B,31.810,200
1066,58,2025-09-11,2025-09-11 13:18:37,603617.SH,S,8.400,100
1067,58,2025-09-11,2025-09-11 13:18:35,603229.SH,S,11.020,100
1068,58,2025-09-11,2025-09-11 13:18:35,600490.SH,S,6.510,1800
1069,51,2025-09-11,2025-09-11 13:18:39,600490.SH,S,6.510,200
1070,52,2025-09-11,2025-09-11 13:18:33,002456.SZ,S,13.370,100
1071,52,2025-09-11,2025-09-11 13:18:32,600490.SH,S,6.510,700
1072,61,2025-09-11,2025-09-11 13:18:32,301338.SZ,B,65.250,100
1073,61,2025-09-11,2025-09-11 13:18:32,301338.SZ,B,65.240,100
1074,61,2025-09-11,2025-09-11 13:18:28,000932.SZ,S,6.170,100
1075,59,2025-09-11,2025-09-11 13:18:28,300185.SZ,B,2.820,300
1076,58,2025-09-11,2025-09-11 13:18:27,603613.SH,B,31.830,100
1077,58,2025-09-11,2025-09-11 13:18:25,300682.SZ,B,23.630,200
1078,58,2025-09-11,2025-09-11 13:18:25,300682.SZ,B,23.630,100
1079,49,2025-09-11,2025-09-11 13:18:24,600490.SH,S,6.510,500
1080,61,2025-09-11,2025-09-11 13:18:21,600973.SH,S,5.210,100
1081,49,2025-09-11,2025-09-11 13:18:20,002428.SZ,S,27.830,100
1082,59,2025-09-11,2025-09-11 13:18:20,002428.SZ,S,27.830,100
1083,61,2025-09-11,2025-09-11 13:18:18,300352.SZ,S,6.270,600
1084,59,2025-09-11,2025-09-11 13:18:18,300352.SZ,S,6.270,200
1085,52,2025-09-11,2025-09-11 13:18:16,300352.SZ,S,6.270,100
1086,58,2025-09-11,2025-09-11 13:18:16,002400.SZ,S,8.040,100
1087,61,2025-09-11,2025-09-11 13:18:16,300292.SZ,S,5.080,100
1088,61,2025-09-11,2025-09-11 13:18:15,601083.SH,S,11.910,100
1089,58,2025-09-11,2025-09-11 13:18:15,002471.SZ,S,4.650,100
1090,49,2025-09-11,2025-09-11 13:18:13,601727.SH,B,8.120,100
1091,61,2025-09-11,2025-09-11 13:18:12,600428.SH,B,7.030,200
1092,61,2025-09-11,2025-09-11 13:18:11,000676.SZ,S,9.980,100
1093,58,2025-09-11,2025-09-11 13:18:10,300066.SZ,S,6.780,300
1094,49,2025-09-11,2025-09-11 13:18:06,002225.SZ,B,6.160,100
1095,58,2025-09-11,2025-09-11 13:18:05,301193.SZ,S,21.140,100
1096,58,2025-09-11,2025-09-11 13:18:03,001311.SZ,S,24.650,100
1097,61,2025-09-11,2025-09-11 13:17:58,000959.SZ,S,4.150,200
1098,52,2025-09-11,2025-09-11 13:17:57,300682.SZ,B,23.630,400
1099,59,2025-09-11,2025-09-11 13:17:52,603969.SH,S,9.730,100
1100,61,2025-09-11,2025-09-11 13:17:52,603969.SH,S,9.730,100
1101,58,2025-09-11,2025-09-11 13:17:46,300501.SZ,B,17.060,200
1102,61,2025-09-11,2025-09-11 13:17:45,300304.SZ,S,13.530,200
1103,61,2025-09-11,2025-09-11 13:17:44,300145.SZ,B,4.830,200
1104,58,2025-09-11,2025-09-11 13:17:41,300582.SZ,B,16.160,200
1105,49,2025-09-11,2025-09-11 13:17:39,600510.SH,S,8.160,200
1106,61,2025-09-11,2025-09-11 13:17:39,600510.SH,S,8.160,600
1107,61,2025-09-11,2025-09-11 13:17:35,605050.SH,S,20.280,100
1108,58,2025-09-11,2025-09-11 13:17:34,300196.SZ,S,16.440,100
1109,58,2025-09-11,2025-09-11 13:17:34,688613.SH,S,26.900,200
1110,59,2025-09-11,2025-09-11 13:17:33,600510.SH,S,8.160,200
1111,51,2025-09-11,2025-09-11 13:17:37,600510.SH,S,8.160,200
1112,61,2025-09-11,2025-09-11 13:17:32,600733.SH,S,8.580,100
1113,59,2025-09-11,2025-09-11 13:17:30,603456.SH,B,18.620,300
1114,58,2025-09-11,2025-09-11 13:17:29,600737.SH,S,16.880,100
1115,58,2025-09-11,2025-09-11 13:17:29,603659.SH,B,26.680,100
1116,61,2025-09-11,2025-09-11 13:17:20,002448.SZ,S,10.390,100
1117,58,2025-09-11,2025-09-11 13:17:18,600869.SH,S,7.250,300
1118,61,2025-09-11,2025-09-11 13:17:19,300559.SZ,B,15.730,200
1119,58,2025-09-11,2025-09-11 13:17:17,000973.SZ,S,7.790,100
1120,61,2025-09-11,2025-09-11 13:17:17,601778.SH,S,4.590,1100
1121,49,2025-09-11,2025-09-11 13:17:17,601778.SH,S,4.590,1000
1122,61,2025-09-11,2025-09-11 13:17:17,601778.SH,S,4.590,1000
1123,59,2025-09-11,2025-09-11 13:17:17,601778.SH,S,4.590,1300
1124,59,2025-09-11,2025-09-11 13:17:14,300491.SZ,S,39.020,100
1125,61,2025-09-11,2025-09-11 13:17:14,300491.SZ,S,39.020,200
1126,58,2025-09-11,2025-09-11 13:17:12,300363.SZ,B,25.610,100
1127,49,2025-09-11,2025-09-11 13:17:12,301487.SZ,B,24.940,100
1128,61,2025-09-11,2025-09-11 13:17:11,301487.SZ,B,24.940,100
1129,61,2025-09-11,2025-09-11 13:17:11,301487.SZ,B,24.940,200
1130,58,2025-09-11,2025-09-11 13:17:10,300889.SZ,B,19.350,100
1131,61,2025-09-11,2025-09-11 13:17:09,603192.SH,B,23.340,200
1132,58,2025-09-11,2025-09-11 13:17:07,000737.SZ,B,12.200,100
1133,61,2025-09-11,2025-09-11 13:17:05,600490.SH,S,6.510,2200
1134,59,2025-09-11,2025-09-11 13:17:05,600490.SH,S,6.510,1100
1135,61,2025-09-11,2025-09-11 13:17:04,300304.SZ,S,13.530,100
1136,52,2025-09-11,2025-09-11 13:16:17,603669.SH,S,5.760,100
1137,59,2025-09-11,2025-09-11 13:17:04,300304.SZ,S,13.530,100
1138,61,2025-09-11,2025-09-11 13:16:59,002073.SZ,B,8.840,500
1139,61,2025-09-11,2025-09-11 13:16:59,002073.SZ,B,8.840,300
1140,61,2025-09-11,2025-09-11 13:16:58,002073.SZ,B,8.840,500
1141,59,2025-09-11,2025-09-11 13:16:58,002073.SZ,B,8.840,200
1142,59,2025-09-11,2025-09-11 13:16:57,002073.SZ,B,8.840,400
1143,51,2025-09-11,2025-09-11 13:17:00,688613.SH,S,27.000,351
1144,61,2025-09-11,2025-09-11 13:16:52,603811.SH,S,13.890,100
1145,61,2025-09-11,2025-09-11 13:16:47,301217.SZ,B,33.150,200
1146,58,2025-09-11,2025-09-11 13:16:47,600510.SH,S,8.140,600
1147,52,2025-09-11,2025-09-11 13:16:17,600510.SH,S,8.140,200
1148,58,2025-09-11,2025-09-11 13:16:43,300631.SZ,B,35.250,100
1149,58,2025-09-11,2025-09-11 13:16:39,688613.SH,S,27.050,600
1150,49,2025-09-11,2025-09-11 13:16:35,688613.SH,S,27.050,200
1151,61,2025-09-11,2025-09-11 13:16:35,688613.SH,S,27.050,200
1152,59,2025-09-11,2025-09-11 13:16:35,688613.SH,S,27.050,200
1153,52,2025-09-11,2025-09-11 13:16:28,688613.SH,S,27.060,200
1154,58,2025-09-11,2025-09-11 13:16:33,300491.SZ,S,39.030,200
1155,58,2025-09-11,2025-09-11 13:16:32,601778.SH,S,4.580,200
1156,58,2025-09-11,2025-09-11 13:16:32,601778.SH,S,4.580,1900
1157,58,2025-09-11,2025-09-11 13:16:32,601778.SH,S,4.580,100
1158,58,2025-09-11,2025-09-11 13:16:32,601778.SH,S,4.580,100
1159,58,2025-09-11,2025-09-11 13:16:32,601778.SH,S,4.580,100
1160,58,2025-09-11,2025-09-11 13:16:32,601778.SH,S,4.580,100
1161,58,2025-09-11,2025-09-11 13:16:32,601778.SH,S,4.580,100
1162,58,2025-09-11,2025-09-11 13:16:32,601778.SH,S,4.580,100
1163,58,2025-09-11,2025-09-11 13:16:32,601778.SH,S,4.580,100
1164,58,2025-09-11,2025-09-11 13:16:32,601778.SH,S,4.580,100
1165,58,2025-09-11,2025-09-11 13:16:32,601778.SH,S,4.580,100
1166,58,2025-09-11,2025-09-11 13:16:32,601778.SH,S,4.580,300
1167,52,2025-09-11,2025-09-11 13:16:31,688613.SH,S,27.050,378
1168,52,2025-09-11,2025-09-11 13:16:29,601778.SH,S,4.580,100
1169,59,2025-09-11,2025-09-11 13:16:30,002072.SZ,B,8.010,300
1170,52,2025-09-11,2025-09-11 13:16:29,601778.SH,S,4.580,600
1171,58,2025-09-11,2025-09-11 13:16:30,300184.SZ,S,11.850,100
1172,58,2025-09-11,2025-09-11 13:16:29,688613.SH,S,27.060,200
1173,49,2025-09-11,2025-09-11 13:16:29,688613.SH,S,27.050,200
1174,61,2025-09-11,2025-09-11 13:16:29,688613.SH,S,27.050,800
1175,59,2025-09-11,2025-09-11 13:16:29,688613.SH,S,27.050,200
1176,51,2025-09-11,2025-09-11 13:16:32,300213.SZ,S,11.390,200
1177,51,2025-09-11,2025-09-11 13:16:32,002456.SZ,S,13.400,500
1178,51,2025-09-11,2025-09-11 13:16:31,688613.SH,S,27.070,114
1179,49,2025-09-11,2025-09-11 13:16:25,300048.SZ,S,6.680,100
1180,58,2025-09-11,2025-09-11 13:16:21,000592.SZ,S,3.320,100
1181,58,2025-09-11,2025-09-11 13:16:20,600151.SH,S,7.920,100
1182,61,2025-09-11,2025-09-11 13:16:21,300217.SZ,S,6.180,300
1183,61,2025-09-11,2025-09-11 13:16:19,002967.SZ,S,18.620,100
1184,52,2025-09-11,2025-09-11 13:16:17,300657.SZ,S,32.290,100
1185,59,2025-09-11,2025-09-11 13:16:17,300657.SZ,S,32.290,100
1186,59,2025-09-11,2025-09-11 13:16:17,600869.SH,S,7.260,400
1187,49,2025-09-11,2025-09-11 13:16:15,601003.SH,S,5.660,100
1188,61,2025-09-11,2025-09-11 13:16:15,300657.SZ,S,32.300,100
1189,61,2025-09-11,2025-09-11 13:16:14,600869.SH,S,7.260,100
1190,61,2025-09-11,2025-09-11 13:16:14,300657.SZ,S,32.300,100
1191,61,2025-09-11,2025-09-11 13:16:14,600869.SH,S,7.260,1400
1192,61,2025-09-11,2025-09-11 13:13:30,600117.SH,S,3.370,100
1193,61,2025-09-11,2025-09-11 13:13:30,601866.SH,S,2.560,100
1194,59,2025-09-11,2025-09-11 13:13:20,600981.SH,B,3.130,200
1195,58,2025-09-11,2025-09-11 13:13:17,300352.SZ,B,6.280,600
1196,58,2025-09-11,2025-09-11 13:13:16,603231.SH,S,19.130,400
1197,52,2025-09-11,2025-09-11 13:13:17,603231.SH,S,19.130,200
1198,61,2025-09-11,2025-09-11 13:13:16,300390.SZ,S,22.890,200
1199,52,2025-09-11,2025-09-11 13:13:15,300352.SZ,B,6.280,600
1200,61,2025-09-11,2025-09-11 13:13:13,605068.SH,S,28.220,200
1201,61,2025-09-11,2025-09-11 13:13:11,000803.SZ,S,7.640,100
1202,61,2025-09-11,2025-09-11 13:13:11,600698.SH,B,10.280,300
1203,49,2025-09-11,2025-09-11 13:13:11,600036.SH,B,43.010,100
1204,59,2025-09-11,2025-09-11 13:13:09,601975.SH,B,3.300,800
1205,59,2025-09-11,2025-09-11 13:13:09,601975.SH,B,3.300,1100
1206,59,2025-09-11,2025-09-11 13:13:09,601975.SH,B,3.300,1000
1207,59,2025-09-11,2025-09-11 13:13:09,601975.SH,B,3.300,100
1208,59,2025-09-11,2025-09-11 13:13:09,601975.SH,B,3.300,1000
1209,59,2025-09-11,2025-09-11 13:13:09,601975.SH,B,3.300,300
1210,49,2025-09-11,2025-09-11 13:13:08,002476.SZ,S,5.530,100
1211,61,2025-09-11,2025-09-11 13:13:07,605068.SH,S,28.220,300
1212,52,2025-09-11,2025-09-11 13:13:07,002010.SZ,B,5.920,100
1213,58,2025-09-11,2025-09-11 13:13:04,603231.SH,S,19.140,600
1214,61,2025-09-11,2025-09-11 13:13:04,300426.SZ,B,10.780,500
1215,59,2025-09-11,2025-09-11 13:12:50,000717.SZ,B,2.850,200
1216,49,2025-09-11,2025-09-11 13:12:46,600935.SH,B,2.580,100
1217,61,2025-09-11,2025-09-11 13:12:25,000965.SZ,S,4.300,100
1218,58,2025-09-11,2025-09-11 13:11:37,605068.SH,S,28.300,400
1219,61,2025-09-11,2025-09-11 13:11:33,002225.SZ,B,6.140,500
1220,51,2025-09-11,2025-09-11 13:11:36,600326.SH,S,13.680,200
1221,51,2025-09-11,2025-09-11 13:11:01,002136.SZ,S,11.300,200
1222,58,2025-09-11,2025-09-11 13:10:52,300066.SZ,B,6.780,1200
1223,52,2025-09-11,2025-09-11 13:02:48,300066.SZ,B,6.780,300
1224,61,2025-09-11,2025-09-11 13:10:19,601991.SH,S,3.690,100
1225,59,2025-09-11,2025-09-11 13:10:15,603113.SH,B,7.540,200
1226,59,2025-09-11,2025-09-11 13:10:10,601991.SH,S,3.690,100
1227,61,2025-09-11,2025-09-11 13:10:03,300352.SZ,B,6.280,3500
1228,59,2025-09-11,2025-09-11 13:10:03,300352.SZ,B,6.280,900
1229,51,2025-09-11,2025-09-11 13:09:57,688403.SH,B,12.710,315
1230,61,2025-09-11,2025-09-11 13:09:50,002446.SZ,S,8.890,100
1231,52,2025-09-11,2025-09-11 13:09:36,002806.SZ,S,12.820,100
1232,61,2025-09-11,2025-09-11 13:09:38,688660.SH,S,18.570,79
1233,61,2025-09-11,2025-09-11 13:09:38,688660.SH,S,18.570,246
1234,61,2025-09-11,2025-09-11 13:09:17,000017.SZ,S,7.120,1300
1235,59,2025-09-11,2025-09-11 13:09:17,000017.SZ,S,7.120,800
1236,52,2025-09-11,2025-09-11 13:07:25,603685.SH,S,18.820,100
1237,52,2025-09-11,2025-09-11 13:08:54,601686.SH,B,5.900,100
1238,61,2025-09-11,2025-09-11 13:08:51,301366.SZ,B,39.600,200
1239,58,2025-09-11,2025-09-11 13:08:49,300403.SZ,B,16.390,200
1240,49,2025-09-11,2025-09-11 13:08:46,601615.SH,S,12.810,200
1241,61,2025-09-11,2025-09-11 13:08:46,601615.SH,S,12.810,200
1242,59,2025-09-11,2025-09-11 13:08:46,601615.SH,S,12.810,200
1243,61,2025-09-11,2025-09-11 13:08:45,601615.SH,S,12.810,200
1244,51,2025-09-11,2025-09-11 13:08:48,000422.SZ,B,14.870,200
1245,61,2025-09-11,2025-09-11 13:08:31,300403.SZ,B,16.410,300
1246,49,2025-09-11,2025-09-11 13:08:29,601398.SH,B,7.410,100
1247,49,2025-09-11,2025-09-11 13:08:27,601169.SH,B,6.010,100
1248,59,2025-09-11,2025-09-11 13:08:22,300128.SZ,S,5.340,100
1249,61,2025-09-11,2025-09-11 13:08:16,603863.SH,S,20.560,300
1250,61,2025-09-11,2025-09-11 13:08:02,002695.SZ,S,13.840,600
1251,61,2025-09-11,2025-09-11 13:08:02,601519.SH,S,15.640,200
1252,59,2025-09-11,2025-09-11 13:07:55,002695.SZ,S,13.840,200
1253,61,2025-09-11,2025-09-11 13:07:40,301016.SZ,B,22.700,900
1254,61,2025-09-11,2025-09-11 13:07:35,603231.SH,S,19.220,600
1255,49,2025-09-11,2025-09-11 13:07:35,603231.SH,S,19.220,400
1256,61,2025-09-11,2025-09-11 13:07:35,603231.SH,S,19.220,500
1257,61,2025-09-11,2025-09-11 13:07:34,603659.SH,B,26.790,400
1258,59,2025-09-11,2025-09-11 13:07:35,603231.SH,S,19.220,300
1259,59,2025-09-11,2025-09-11 13:07:35,603231.SH,S,19.220,100
1260,58,2025-09-11,2025-09-11 13:07:31,002225.SZ,B,6.150,600
1261,49,2025-09-11,2025-09-11 13:07:30,300352.SZ,B,6.280,200
1262,52,2025-09-11,2025-09-11 13:07:30,002225.SZ,B,6.150,100
1263,49,2025-09-11,2025-09-11 13:07:30,300352.SZ,B,6.280,600
1264,52,2025-09-11,2025-09-11 13:05:53,300352.SZ,B,6.280,900
1265,58,2025-09-11,2025-09-11 13:07:27,300352.SZ,B,6.280,300
1266,51,2025-09-11,2025-09-11 13:07:31,603168.SH,S,8.210,400
1267,61,2025-09-11,2025-09-11 13:07:27,600266.SH,B,5.160,200
1268,52,2025-09-11,2025-09-11 13:07:24,002552.SZ,S,16.990,100
1269,58,2025-09-11,2025-09-11 13:07:24,300352.SZ,B,6.280,600
1270,61,2025-09-11,2025-09-11 13:07:22,002369.SZ,S,9.990,100
1271,61,2025-09-11,2025-09-11 13:07:15,688660.SH,S,18.620,43
1272,61,2025-09-11,2025-09-11 13:07:14,688660.SH,S,18.620,157
1273,61,2025-09-11,2025-09-11 13:06:58,600619.SH,S,20.970,400
1274,61,2025-09-11,2025-09-11 13:06:57,300403.SZ,B,16.400,1000
1275,61,2025-09-11,2025-09-11 13:06:56,300403.SZ,B,16.400,100
1276,61,2025-09-11,2025-09-11 13:06:51,600869.SH,B,7.250,700
1277,61,2025-09-11,2025-09-11 13:06:47,600489.SH,S,18.930,100
1278,59,2025-09-11,2025-09-11 13:06:41,600866.SH,B,7.640,200
1279,49,2025-09-11,2025-09-11 13:06:38,605068.SH,S,28.440,200
1280,61,2025-09-11,2025-09-11 13:06:37,605068.SH,S,28.440,300
1281,59,2025-09-11,2025-09-11 13:06:37,605068.SH,S,28.440,100
1282,59,2025-09-11,2025-09-11 13:06:36,605068.SH,S,28.440,200
1283,61,2025-09-11,2025-09-11 13:06:35,300559.SZ,S,15.750,1300
1284,52,2025-09-11,2025-09-11 13:06:30,605068.SH,S,28.410,100
1285,52,2025-09-11,2025-09-11 13:04:55,300426.SZ,B,10.820,100
1286,61,2025-09-11,2025-09-11 13:06:23,300333.SZ,B,13.740,200
1287,61,2025-09-11,2025-09-11 13:06:13,603681.SH,S,16.230,100
1288,61,2025-09-11,2025-09-11 13:06:10,300027.SZ,S,2.830,100
1289,61,2025-09-11,2025-09-11 13:06:05,603360.SH,S,25.350,100
1290,51,2025-09-11,2025-09-11 13:05:53,601777.SH,B,11.280,200
1291,51,2025-09-11,2025-09-11 13:05:52,300066.SZ,B,6.790,200
1292,61,2025-09-11,2025-09-11 13:05:48,000680.SZ,B,9.680,200
1293,49,2025-09-11,2025-09-11 13:05:42,600698.SH,B,10.300,100
1294,59,2025-09-11,2025-09-11 13:05:42,600698.SH,B,10.300,200
1295,58,2025-09-11,2025-09-11 13:05:41,600698.SH,B,10.300,200
1296,52,2025-09-11,2025-09-11 13:05:40,600698.SH,B,10.300,100
1297,49,2025-09-11,2025-09-11 13:05:39,601600.SH,B,7.790,100
1298,58,2025-09-11,2025-09-11 13:05:37,300426.SZ,B,10.840,500
1299,59,2025-09-11,2025-09-11 13:05:35,301487.SZ,B,25.080,200
1300,49,2025-09-11,2025-09-11 13:05:27,300098.SZ,S,5.950,100
1301,51,2025-09-11,2025-09-11 13:05:28,000066.SZ,B,16.420,200
1302,51,2025-09-11,2025-09-11 13:05:27,688403.SH,B,12.730,600
1303,61,2025-09-11,2025-09-11 13:05:22,002967.SZ,B,18.620,200
1304,61,2025-09-11,2025-09-11 13:05:16,603185.SH,B,24.360,200
1305,51,2025-09-11,2025-09-11 13:05:19,002775.SZ,S,4.410,100
1306,49,2025-09-11,2025-09-11 13:05:11,603659.SH,B,26.750,100
1307,51,2025-09-11,2025-09-11 13:05:15,603659.SH,B,26.750,200
1308,59,2025-09-11,2025-09-11 13:05:10,600566.SH,B,26.000,200
1309,61,2025-09-11,2025-09-11 13:05:09,300586.SZ,B,11.190,200
1310,59,2025-09-11,2025-09-11 13:05:09,300586.SZ,B,11.190,200
1311,58,2025-09-11,2025-09-11 13:04:55,300403.SZ,B,16.320,400
1312,61,2025-09-11,2025-09-11 13:04:53,301338.SZ,S,65.590,100
1313,61,2025-09-11,2025-09-11 13:04:49,300292.SZ,B,5.100,200
1314,52,2025-09-11,2025-09-11 13:04:45,300403.SZ,B,16.320,200
1315,61,2025-09-11,2025-09-11 13:04:45,605196.SH,S,26.440,100
1316,51,2025-09-11,2025-09-11 13:04:49,300403.SZ,B,16.320,200
1317,51,2025-09-11,2025-09-11 13:04:48,002735.SZ,B,16.540,200
1318,51,2025-09-11,2025-09-11 13:04:38,002806.SZ,S,12.770,100
1319,61,2025-09-11,2025-09-11 13:04:34,000010.SZ,S,4.510,900
1320,51,2025-09-11,2025-09-11 13:04:30,603893.SH,S,209.890,100
1321,49,2025-09-11,2025-09-11 13:04:20,300426.SZ,B,10.830,100
1322,61,2025-09-11,2025-09-11 13:04:20,300426.SZ,B,10.830,200
1323,61,2025-09-11,2025-09-11 13:04:20,601083.SH,B,11.890,200
1324,59,2025-09-11,2025-09-11 13:04:18,601126.SH,S,17.500,100
1325,49,2025-09-11,2025-09-11 13:04:17,300217.SZ,B,6.150,100
1326,51,2025-09-11,2025-09-11 13:04:21,603685.SH,S,18.820,100
1327,58,2025-09-11,2025-09-11 13:04:17,300217.SZ,B,6.150,100
1328,61,2025-09-11,2025-09-11 13:04:15,300426.SZ,B,10.830,500
1329,49,2025-09-11,2025-09-11 13:04:12,300403.SZ,B,16.310,200
1330,61,2025-09-11,2025-09-11 13:04:11,300426.SZ,B,10.830,200
1331,59,2025-09-11,2025-09-11 13:04:12,300403.SZ,B,16.310,500
1332,59,2025-09-11,2025-09-11 13:04:11,300426.SZ,B,10.830,500
1333,49,2025-09-11,2025-09-11 13:04:10,002377.SZ,B,3.020,100
1334,59,2025-09-11,2025-09-11 13:04:10,300352.SZ,B,6.270,500
1335,58,2025-09-11,2025-09-11 13:04:08,300352.SZ,B,6.270,100
1336,59,2025-09-11,2025-09-11 13:04:09,300352.SZ,B,6.270,100
1337,59,2025-09-11,2025-09-11 13:04:08,300352.SZ,B,6.270,800
1338,58,2025-09-11,2025-09-11 13:04:08,300352.SZ,B,6.270,1000
1339,58,2025-09-11,2025-09-11 13:04:08,300352.SZ,B,6.270,100
1340,52,2025-09-11,2025-09-11 13:03:40,601998.SH,B,7.830,100
1341,61,2025-09-11,2025-09-11 13:04:05,300352.SZ,B,6.270,2800
1342,61,2025-09-11,2025-09-11 13:04:00,000600.SZ,B,7.650,200
1343,49,2025-09-11,2025-09-11 13:03:59,300363.SZ,B,25.750,100
1344,58,2025-09-11,2025-09-11 13:03:59,600869.SH,B,7.240,1100
1345,52,2025-09-11,2025-09-11 13:01:58,600869.SH,B,7.240,300
1346,58,2025-09-11,2025-09-11 13:03:40,600737.SH,S,16.910,100
1347,61,2025-09-11,2025-09-11 13:03:40,600737.SH,S,16.910,100
1348,49,2025-09-11,2025-09-11 13:03:40,603098.SH,S,16.120,100
1349,52,2025-09-11,2025-09-11 13:03:39,600737.SH,S,16.910,100
1350,52,2025-09-11,2025-09-11 13:03:39,002324.SZ,S,14.780,100
1351,61,2025-09-11,2025-09-11 13:03:37,300145.SZ,S,4.840,100
1352,61,2025-09-11,2025-09-11 13:03:36,688373.SH,S,7.360,715
1353,61,2025-09-11,2025-09-11 13:03:36,300657.SZ,B,32.380,400
1354,59,2025-09-11,2025-09-11 13:03:36,300657.SZ,B,32.380,200
1355,61,2025-09-11,2025-09-11 13:03:32,600319.SH,B,8.290,200
1356,59,2025-09-11,2025-09-11 13:03:25,300390.SZ,S,23.060,100
1357,61,2025-09-11,2025-09-11 13:03:23,688373.SH,S,7.370,882
1358,61,2025-09-11,2025-09-11 13:03:22,600698.SH,B,10.290,600
1359,59,2025-09-11,2025-09-11 13:03:23,300390.SZ,S,23.060,100
1360,52,2025-09-11,2025-09-11 13:03:21,600079.SH,B,22.010,100
1361,52,2025-09-11,2025-09-11 13:03:03,301487.SZ,B,25.000,100
1362,52,2025-09-11,2025-09-11 13:03:15,002221.SZ,B,8.570,100
1363,61,2025-09-11,2025-09-11 13:03:08,688373.SH,S,7.370,118
1364,59,2025-09-11,2025-09-11 13:03:08,688373.SH,S,7.370,198
1365,59,2025-09-11,2025-09-11 13:03:08,688373.SH,S,7.370,432
1366,61,2025-09-11,2025-09-11 13:03:04,002922.SZ,S,22.350,100
1367,58,2025-09-11,2025-09-11 13:03:04,603659.SH,B,26.700,200
1368,61,2025-09-11,2025-09-11 13:03:02,301016.SZ,B,22.700,300
1369,61,2025-09-11,2025-09-11 13:03:01,300390.SZ,S,23.080,300
1370,61,2025-09-11,2025-09-11 13:02:58,002265.SZ,S,30.510,100
1371,61,2025-09-11,2025-09-11 13:02:58,300390.SZ,S,23.080,100
1372,61,2025-09-11,2025-09-11 13:02:57,603367.SH,S,21.420,100
1373,61,2025-09-11,2025-09-11 13:02:55,301022.SZ,S,41.510,100
1374,61,2025-09-11,2025-09-11 13:02:55,301022.SZ,S,41.510,100
1375,61,2025-09-11,2025-09-11 13:02:55,301022.SZ,S,41.530,100
1376,59,2025-09-11,2025-09-11 13:02:55,301022.SZ,S,41.510,100
1377,61,2025-09-11,2025-09-11 13:02:53,300217.SZ,B,6.160,300
1378,61,2025-09-11,2025-09-11 13:02:53,300217.SZ,B,6.160,100
1379,49,2025-09-11,2025-09-11 13:02:50,601003.SH,B,5.660,100
1380,58,2025-09-11,2025-09-11 13:02:51,301487.SZ,B,24.930,100
1381,61,2025-09-11,2025-09-11 13:02:49,301016.SZ,B,22.700,100
1382,61,2025-09-11,2025-09-11 13:02:49,301016.SZ,B,22.700,100
1383,61,2025-09-11,2025-09-11 13:02:49,301016.SZ,B,22.700,100
1384,61,2025-09-11,2025-09-11 13:02:49,301016.SZ,B,22.700,300
1385,61,2025-09-11,2025-09-11 13:02:49,301016.SZ,B,22.700,200
1386,61,2025-09-11,2025-09-11 13:02:49,301016.SZ,B,22.700,100
1387,58,2025-09-11,2025-09-11 13:02:44,301500.SZ,B,17.530,100
1388,52,2025-09-11,2025-09-11 13:02:27,600076.SH,S,2.810,300
1389,52,2025-09-11,2025-09-11 13:02:29,300083.SZ,B,10.470,100
1390,51,2025-09-11,2025-09-11 13:02:42,300083.SZ,B,10.470,1000
1391,61,2025-09-11,2025-09-11 13:02:35,000959.SZ,B,4.140,200
1392,61,2025-09-11,2025-09-11 13:02:32,300363.SZ,S,25.730,100
1393,59,2025-09-11,2025-09-11 13:02:32,300363.SZ,S,25.730,100
1394,51,2025-09-11,2025-09-11 13:02:34,002259.SZ,S,4.220,500
1395,61,2025-09-11,2025-09-11 13:02:29,301016.SZ,B,22.710,200
1396,61,2025-09-11,2025-09-11 13:02:29,301016.SZ,B,22.710,100
1397,61,2025-09-11,2025-09-11 13:02:29,301016.SZ,B,22.710,100
1398,61,2025-09-11,2025-09-11 13:02:29,301016.SZ,B,22.710,300
1399,61,2025-09-11,2025-09-11 13:02:28,000901.SZ,B,16.320,200
1400,51,2025-09-11,2025-09-11 13:02:29,600076.SH,S,2.800,1600
1401,58,2025-09-11,2025-09-11 13:02:22,002428.SZ,S,27.950,100
1402,61,2025-09-11,2025-09-11 13:02:19,300593.SZ,S,18.420,100
1403,61,2025-09-11,2025-09-11 13:02:17,301487.SZ,S,24.960,100
1404,52,2025-09-11,2025-09-11 13:02:17,688518.SH,S,27.930,200
1405,51,2025-09-11,2025-09-11 13:02:21,601615.SH,S,12.790,100
1406,49,2025-09-11,2025-09-11 13:02:17,002706.SZ,S,11.720,100
1407,61,2025-09-11,2025-09-11 13:02:17,002706.SZ,S,11.720,200
1408,58,2025-09-11,2025-09-11 13:02:17,002706.SZ,S,11.710,100
1409,52,2025-09-11,2025-09-11 13:02:15,002706.SZ,S,11.710,100
1410,61,2025-09-11,2025-09-11 13:02:15,600712.SH,S,7.430,100
1411,59,2025-09-11,2025-09-11 13:02:16,600619.SH,S,20.850,200
1412,51,2025-09-11,2025-09-11 13:02:19,002552.SZ,S,17.000,200
1413,61,2025-09-11,2025-09-11 13:02:14,600619.SH,S,20.850,400
1414,49,2025-09-11,2025-09-11 13:02:14,600869.SH,B,7.260,200
1415,49,2025-09-11,2025-09-11 13:02:13,300066.SZ,B,6.800,400
1416,59,2025-09-11,2025-09-11 13:02:11,688660.SH,S,18.600,376
1417,49,2025-09-11,2025-09-11 13:02:10,600869.SH,B,7.260,100
1418,59,2025-09-11,2025-09-11 13:02:09,600869.SH,B,7.270,700
1419,61,2025-09-11,2025-09-11 13:02:06,000837.SZ,S,14.380,900
1420,59,2025-09-11,2025-09-11 13:02:06,000837.SZ,S,14.380,400
1421,61,2025-09-11,2025-09-11 13:02:06,002046.SZ,S,33.250,100
1422,59,2025-09-11,2025-09-11 13:02:03,002225.SZ,B,6.120,500
1423,61,2025-09-11,2025-09-11 13:02:03,002225.SZ,B,6.120,800
1424,49,2025-09-11,2025-09-11 13:02:03,002225.SZ,B,6.120,200
1425,61,2025-09-11,2025-09-11 13:02:03,002225.SZ,B,6.120,100
1426,58,2025-09-11,2025-09-11 13:02:02,300007.SZ,S,53.260,100
1427,61,2025-09-11,2025-09-11 13:02:02,002186.SZ,S,12.440,100
1428,58,2025-09-11,2025-09-11 13:02:02,300304.SZ,B,13.440,200
1429,61,2025-09-11,2025-09-11 13:02:00,300501.SZ,B,17.100,400
1430,52,2025-09-11,2025-09-11 13:02:00,000783.SZ,S,8.360,100
1431,51,2025-09-11,2025-09-11 13:02:03,600869.SH,B,7.260,1000
1432,61,2025-09-11,2025-09-11 13:01:59,688518.SH,S,27.980,200
1433,61,2025-09-11,2025-09-11 13:01:56,300415.SZ,S,27.680,100
1434,61,2025-09-11,2025-09-11 13:01:53,688660.SH,S,18.610,400
1435,61,2025-09-11,2025-09-11 13:01:54,301093.SZ,B,34.970,400
1436,59,2025-09-11,2025-09-11 13:01:53,600967.SH,S,19.160,100
1437,61,2025-09-11,2025-09-11 13:01:50,600967.SH,S,19.160,300
1438,61,2025-09-11,2025-09-11 13:01:49,301217.SZ,S,33.720,100
1439,52,2025-09-11,2025-09-11 13:01:34,300304.SZ,B,13.500,100
1440,51,2025-09-11,2025-09-11 13:01:53,600079.SH,B,22.020,200
1441,51,2025-09-11,2025-09-11 13:01:50,600833.SH,S,13.550,400
1442,59,2025-09-11,2025-09-11 13:01:45,301500.SZ,B,17.540,200
1443,61,2025-09-11,2025-09-11 13:01:42,000932.SZ,B,6.190,200
1444,58,2025-09-11,2025-09-11 13:01:41,300631.SZ,B,35.560,100
1445,58,2025-09-11,2025-09-11 13:01:41,300657.SZ,B,32.390,100
1446,52,2025-09-11,2025-09-11 13:01:40,300657.SZ,B,32.390,100
1447,61,2025-09-11,2025-09-11 13:01:39,001330.SZ,S,5.940,100
1448,58,2025-09-11,2025-09-11 13:01:39,301093.SZ,B,35.000,100
1449,61,2025-09-11,2025-09-11 13:01:38,300304.SZ,B,13.510,700
1450,52,2025-09-11,2025-09-11 13:01:33,603168.SH,S,8.210,100
1451,49,2025-09-11,2025-09-11 13:01:35,301500.SZ,B,17.540,100
1452,52,2025-09-11,2025-09-11 13:01:35,300631.SZ,B,35.560,100
1453,61,2025-09-11,2025-09-11 13:01:34,002259.SZ,S,4.210,100
1454,52,2025-09-11,2025-09-11 13:01:17,002259.SZ,S,4.210,100
1455,61,2025-09-11,2025-09-11 13:01:32,300559.SZ,S,15.810,300
1456,61,2025-09-11,2025-09-11 13:01:32,300559.SZ,S,15.810,300
1457,61,2025-09-11,2025-09-11 13:01:32,300559.SZ,S,15.810,200
1458,61,2025-09-11,2025-09-11 13:01:32,300559.SZ,S,15.810,200
1459,61,2025-09-11,2025-09-11 13:01:32,300559.SZ,S,15.810,200
1460,61,2025-09-11,2025-09-11 13:01:32,300559.SZ,S,15.810,100
1461,59,2025-09-11,2025-09-11 13:01:32,300559.SZ,S,15.810,100
1462,59,2025-09-11,2025-09-11 13:01:32,300559.SZ,S,15.810,100
1463,59,2025-09-11,2025-09-11 13:01:32,300559.SZ,S,15.810,400
1464,59,2025-09-11,2025-09-11 13:01:32,300559.SZ,S,15.810,100
1465,59,2025-09-11,2025-09-11 13:01:32,300559.SZ,S,15.810,100
1466,61,2025-09-11,2025-09-11 13:01:30,002555.SZ,S,22.100,100
1467,58,2025-09-11,2025-09-11 13:01:30,601615.SH,S,12.790,400
1468,52,2025-09-11,2025-09-11 13:01:17,601162.SH,S,5.650,100
1469,52,2025-09-11,2025-09-11 13:01:29,601615.SH,S,12.790,200
1470,59,2025-09-11,2025-09-11 13:01:29,300066.SZ,S,6.810,100
1471,61,2025-09-11,2025-09-11 13:01:29,300066.SZ,S,6.810,200
1472,49,2025-09-11,2025-09-11 13:01:29,300304.SZ,B,13.460,100
1473,61,2025-09-11,2025-09-11 13:01:28,002428.SZ,S,27.960,100
1474,51,2025-09-11,2025-09-11 13:01:30,300304.SZ,B,13.460,200
1475,61,2025-09-11,2025-09-11 13:01:26,002701.SZ,B,5.820,200
1476,59,2025-09-11,2025-09-11 13:01:25,300304.SZ,B,13.470,200
1477,61,2025-09-11,2025-09-11 13:01:24,300432.SZ,S,15.120,100
1478,61,2025-09-11,2025-09-11 13:01:24,600869.SH,B,7.240,1600
1479,49,2025-09-11,2025-09-11 13:01:24,601096.SH,B,4.390,100
1480,61,2025-09-11,2025-09-11 13:01:23,601886.SH,B,7.600,200
1481,51,2025-09-11,2025-09-11 13:01:25,300213.SZ,B,10.930,200
1482,58,2025-09-11,2025-09-11 13:01:22,605068.SH,S,28.440,300
1483,51,2025-09-11,2025-09-11 13:01:25,300213.SZ,B,10.930,400
1484,58,2025-09-11,2025-09-11 13:01:20,601991.SH,S,3.680,100
1485,59,2025-09-11,2025-09-11 13:01:21,601519.SH,S,15.660,400
1486,52,2025-09-11,2025-09-11 13:01:19,601519.SH,S,15.660,300
1487,51,2025-09-11,2025-09-11 13:01:24,300383.SZ,S,14.840,400
1488,61,2025-09-11,2025-09-11 13:01:20,601519.SH,S,15.660,700
1489,49,2025-09-11,2025-09-11 13:01:19,300925.SZ,S,25.620,100
1490,49,2025-09-11,2025-09-11 13:01:20,601519.SH,S,15.660,200
1491,61,2025-09-11,2025-09-11 13:01:19,300925.SZ,S,25.620,400
1492,51,2025-09-11,2025-09-11 13:01:23,600737.SH,S,16.970,200
1493,59,2025-09-11,2025-09-11 13:01:19,300925.SZ,S,25.620,100
1494,58,2025-09-11,2025-09-11 13:01:18,300925.SZ,S,25.620,400
1495,52,2025-09-11,2025-09-11 13:01:18,300925.SZ,S,25.620,100
1496,52,2025-09-11,2025-09-11 13:01:17,601991.SH,S,3.680,100
1497,58,2025-09-11,2025-09-11 13:01:17,601519.SH,S,15.650,800
1498,51,2025-09-11,2025-09-11 13:01:21,601519.SH,S,15.650,200
1499,58,2025-09-11,2025-09-11 13:01:14,300501.SZ,B,17.100,100
1500,51,2025-09-11,2025-09-11 13:01:17,002138.SZ,S,36.740,100
1501,59,2025-09-11,2025-09-11 13:01:13,603659.SH,B,26.770,100
1502,59,2025-09-11,2025-09-11 13:01:13,603659.SH,B,26.770,100
1503,59,2025-09-11,2025-09-11 13:01:12,000010.SZ,S,4.510,400
1504,51,2025-09-11,2025-09-11 13:01:16,002456.SZ,S,13.430,100
1505,61,2025-09-11,2025-09-11 11:29:31,300559.SZ,B,15.720,1300
1506,61,2025-09-11,2025-09-11 11:29:30,600117.SH,S,3.370,300
1507,61,2025-09-11,2025-09-11 11:29:30,600017.SH,S,3.160,100
1508,59,2025-09-11,2025-09-11 11:29:30,600117.SH,S,3.370,100
1509,59,2025-09-11,2025-09-11 11:29:30,000401.SZ,B,4.960,100
1510,61,2025-09-11,2025-09-11 11:29:30,601866.SH,B,2.570,100
1511,61,2025-09-11,2025-09-11 11:29:18,688201.SH,B,14.940,200
1512,61,2025-09-11,2025-09-11 11:29:18,002695.SZ,B,13.710,500
1513,61,2025-09-11,2025-09-11 11:29:17,002084.SZ,B,3.940,587
1514,61,2025-09-11,2025-09-11 11:29:18,300559.SZ,B,15.740,1000
1515,61,2025-09-11,2025-09-11 11:29:17,002084.SZ,B,3.940,1600
1516,61,2025-09-11,2025-09-11 11:29:17,300049.SZ,S,69.780,100
1517,61,2025-09-11,2025-09-11 11:29:17,002084.SZ,B,3.940,913
1518,61,2025-09-11,2025-09-11 11:29:16,300559.SZ,B,15.740,1200
1519,61,2025-09-11,2025-09-11 11:29:15,000875.SZ,S,5.880,2000
1520,61,2025-09-11,2025-09-11 11:29:15,002121.SZ,S,7.780,400
1521,59,2025-09-11,2025-09-11 11:29:15,000875.SZ,S,5.880,1100
1522,61,2025-09-11,2025-09-11 11:29:14,603227.SH,S,9.430,400
1523,61,2025-09-11,2025-09-11 11:29:13,603687.SH,S,8.520,500
1524,61,2025-09-11,2025-09-11 11:29:12,002356.SZ,S,3.680,1500
1525,61,2025-09-11,2025-09-11 11:29:12,300715.SZ,B,11.660,400
1526,61,2025-09-11,2025-09-11 11:29:11,601975.SH,B,3.290,6700
1527,61,2025-09-11,2025-09-11 11:29:11,601975.SH,B,3.290,4500
1528,61,2025-09-11,2025-09-11 11:29:11,603282.SH,S,18.590,400
1529,61,2025-09-11,2025-09-11 11:29:10,300415.SZ,B,27.580,200
1530,58,2025-09-11,2025-09-11 11:29:11,002121.SZ,S,7.770,500
1531,61,2025-09-11,2025-09-11 11:29:09,603687.SH,S,8.510,400
1532,61,2025-09-11,2025-09-11 11:29:09,603687.SH,S,8.510,100
1533,61,2025-09-11,2025-09-11 11:29:09,603687.SH,S,8.510,100
1534,61,2025-09-11,2025-09-11 11:29:09,603687.SH,S,8.510,100
1535,61,2025-09-11,2025-09-11 11:29:09,605555.SH,B,17.600,200
1536,61,2025-09-11,2025-09-11 11:29:09,605555.SH,B,17.600,200
1537,61,2025-09-11,2025-09-11 11:29:09,603687.SH,S,8.510,100
1538,61,2025-09-11,2025-09-11 11:29:09,000420.SZ,S,4.230,1200
1539,61,2025-09-11,2025-09-11 11:29:09,300415.SZ,B,27.570,300
1540,61,2025-09-11,2025-09-11 11:29:09,000737.SZ,S,12.170,300
1541,61,2025-09-11,2025-09-11 11:29:07,601975.SH,B,3.290,6100
1542,61,2025-09-11,2025-09-11 11:29:07,601975.SH,B,3.290,500
1543,61,2025-09-11,2025-09-11 11:29:07,601975.SH,B,3.290,2100
1544,61,2025-09-11,2025-09-11 11:29:07,601975.SH,B,3.290,2600
1545,61,2025-09-11,2025-09-11 11:29:07,301365.SZ,B,20.430,900
1546,61,2025-09-11,2025-09-11 11:29:06,605555.SH,B,17.600,400
1547,61,2025-09-11,2025-09-11 11:29:04,002690.SZ,S,20.600,200
1548,61,2025-09-11,2025-09-11 11:29:06,002468.SZ,B,17.210,200
1549,61,2025-09-11,2025-09-11 11:29:03,600011.SH,B,7.650,100
1550,61,2025-09-11,2025-09-11 11:29:03,601975.SH,B,3.290,4800
1551,61,2025-09-11,2025-09-11 11:29:04,002456.SZ,S,13.390,300
1552,61,2025-09-11,2025-09-11 11:29:03,601975.SH,B,3.290,6500
1553,59,2025-09-11,2025-09-11 11:29:04,300715.SZ,B,11.670,400
1554,59,2025-09-11,2025-09-11 11:29:04,301365.SZ,B,20.430,400
1555,61,2025-09-11,2025-09-11 11:29:03,600973.SH,S,5.210,100
1556,61,2025-09-11,2025-09-11 11:29:03,600973.SH,S,5.210,400
1557,61,2025-09-11,2025-09-11 11:29:03,600973.SH,S,5.210,200
1558,61,2025-09-11,2025-09-11 11:29:03,000619.SZ,S,6.040,300
1559,61,2025-09-11,2025-09-11 11:29:03,000420.SZ,S,4.230,300
1560,61,2025-09-11,2025-09-11 11:29:03,000619.SZ,S,6.040,200
1561,61,2025-09-11,2025-09-11 11:29:03,600526.SH,S,5.270,800
1562,61,2025-09-11,2025-09-11 11:29:03,000913.SZ,B,18.970,100
1563,61,2025-09-11,2025-09-11 11:29:03,000420.SZ,S,4.230,900
1564,61,2025-09-11,2025-09-11 11:29:03,600280.SH,S,3.570,2000
1565,61,2025-09-11,2025-09-11 11:29:03,000965.SZ,S,4.290,1500
1566,61,2025-09-11,2025-09-11 11:29:03,000913.SZ,B,18.970,200
1567,61,2025-09-11,2025-09-11 11:29:03,002511.SZ,B,8.490,100
1568,59,2025-09-11,2025-09-11 11:29:03,600526.SH,S,5.270,300
1569,59,2025-09-11,2025-09-11 11:29:03,603687.SH,S,8.510,100
1570,59,2025-09-11,2025-09-11 11:29:03,603687.SH,S,8.510,100
1571,59,2025-09-11,2025-09-11 11:29:03,603687.SH,S,8.510,300
1572,59,2025-09-11,2025-09-11 11:29:03,000965.SZ,S,4.290,600
1573,59,2025-09-11,2025-09-11 11:29:03,603687.SH,S,8.510,400
1574,59,2025-09-11,2025-09-11 11:29:03,600280.SH,S,3.570,700
1575,59,2025-09-11,2025-09-11 11:29:03,002084.SZ,B,3.940,2700
1576,59,2025-09-11,2025-09-11 11:29:03,000619.SZ,S,6.040,200
1577,61,2025-09-11,2025-09-11 11:29:02,603286.SH,B,35.460,200
1578,49,2025-09-11,2025-09-11 11:29:02,601600.SH,S,7.780,100
1579,61,2025-09-11,2025-09-11 11:29:02,600186.SH,S,6.040,800
1580,61,2025-09-11,2025-09-11 11:29:02,300079.SZ,S,5.940,200
1581,61,2025-09-11,2025-09-11 11:29:02,002221.SZ,S,8.550,100
1582,59,2025-09-11,2025-09-11 11:29:02,000420.SZ,S,4.230,100
1583,59,2025-09-11,2025-09-11 11:29:02,600186.SH,S,6.040,300
1584,59,2025-09-11,2025-09-11 11:29:02,000420.SZ,S,4.230,800
1585,61,2025-09-11,2025-09-11 11:29:01,301365.SZ,B,20.420,500
1586,61,2025-09-11,2025-09-11 11:29:01,301365.SZ,B,20.420,100
1587,61,2025-09-11,2025-09-11 11:29:00,300850.SZ,S,37.200,25
1588,49,2025-09-11,2025-09-11 11:29:00,601818.SH,B,3.660,100
1589,61,2025-09-11,2025-09-11 11:29:00,301365.SZ,B,20.420,100
1590,61,2025-09-11,2025-09-11 11:29:00,300850.SZ,S,37.200,75
1591,59,2025-09-11,2025-09-11 11:29:01,002244.SZ,B,11.120,500
1592,61,2025-09-11,2025-09-11 11:28:58,600866.SH,S,7.670,200
1593,61,2025-09-11,2025-09-11 11:28:58,601615.SH,S,12.790,300
1594,61,2025-09-11,2025-09-11 11:28:54,002708.SZ,B,12.510,400
1595,61,2025-09-11,2025-09-11 11:28:52,000630.SZ,B,4.430,100
1596,58,2025-09-11,2025-09-11 11:28:54,300682.SZ,B,23.780,400
1597,61,2025-09-11,2025-09-11 11:28:50,002931.SZ,S,15.600,300
1598,59,2025-09-11,2025-09-11 11:28:51,002936.SZ,S,2.040,400
1599,59,2025-09-11,2025-09-11 11:28:51,000402.SZ,B,3.150,100
1600,61,2025-09-11,2025-09-11 11:28:50,600269.SH,S,4.980,200
1601,61,2025-09-11,2025-09-11 11:28:47,601011.SH,S,2.980,100
1602,61,2025-09-11,2025-09-11 11:28:46,603286.SH,B,35.460,100
1603,61,2025-09-11,2025-09-11 11:28:45,600963.SH,S,4.710,100
1604,61,2025-09-11,2025-09-11 11:28:44,301188.SZ,S,18.070,100
1605,61,2025-09-11,2025-09-11 11:28:43,002468.SZ,B,17.220,600
1606,61,2025-09-11,2025-09-11 11:28:43,002468.SZ,B,17.220,200
1607,61,2025-09-11,2025-09-11 11:28:41,601568.SH,S,4.000,100
1608,59,2025-09-11,2025-09-11 11:28:38,002931.SZ,S,15.610,100
1609,61,2025-09-11,2025-09-11 11:28:32,002468.SZ,B,17.220,400
1610,61,2025-09-11,2025-09-11 11:28:31,002468.SZ,B,17.220,700
1611,61,2025-09-11,2025-09-11 11:28:30,603286.SH,B,35.460,100
1612,61,2025-09-11,2025-09-11 11:28:30,600936.SH,S,3.810,200
1613,61,2025-09-11,2025-09-11 11:28:25,002468.SZ,B,17.220,100
1614,61,2025-09-11,2025-09-11 11:28:23,002468.SZ,B,17.210,200
1615,61,2025-09-11,2025-09-11 11:28:15,688157.SH,S,42.890,27
1616,61,2025-09-11,2025-09-11 11:28:13,000915.SZ,S,33.670,100
1617,61,2025-09-11,2025-09-11 11:28:11,688157.SH,S,42.890,228
1618,61,2025-09-11,2025-09-11 11:28:08,600172.SH,S,4.630,700
1619,61,2025-09-11,2025-09-11 11:28:05,600538.SH,S,6.090,100
1620,61,2025-09-11,2025-09-11 11:28:04,600688.SH,S,2.760,200
1621,59,2025-09-11,2025-09-11 11:28:02,600367.SH,B,17.960,500
1622,59,2025-09-11,2025-09-11 11:27:59,301016.SZ,B,22.790,500
1623,59,2025-09-11,2025-09-11 11:27:58,301016.SZ,B,22.790,100
1624,61,2025-09-11,2025-09-11 11:27:55,688428.SH,S,26.830,154
1625,59,2025-09-11,2025-09-11 11:27:55,301118.SZ,S,23.550,100
1626,61,2025-09-11,2025-09-11 11:27:55,688201.SH,B,14.890,826
1627,61,2025-09-11,2025-09-11 11:27:54,603282.SH,S,18.600,100
1628,61,2025-09-11,2025-09-11 11:27:54,002555.SZ,S,22.030,300
1629,61,2025-09-11,2025-09-11 11:27:51,688201.SH,B,14.890,200
1630,61,2025-09-11,2025-09-11 11:27:50,688201.SH,B,14.890,200
1631,61,2025-09-11,2025-09-11 11:27:50,688201.SH,B,14.890,265
1632,61,2025-09-11,2025-09-11 11:27:51,688428.SH,S,26.830,207
1633,61,2025-09-11,2025-09-11 11:27:51,002695.SZ,B,13.700,800
1634,61,2025-09-11,2025-09-11 11:27:50,002695.SZ,B,13.700,400
1635,59,2025-09-11,2025-09-11 11:27:50,688201.SH,B,14.890,35
1636,59,2025-09-11,2025-09-11 11:27:50,688201.SH,B,14.890,689
1637,59,2025-09-11,2025-09-11 11:27:50,002695.SZ,B,13.700,100
