,fund_id,trade_dt,trade_time,s_info_windcode,direction,price,qty
0,58,2025-09-12,2025-09-12 14:56:54,600881.SH,S,2.220,400
1,52,2025-09-12,2025-09-12 14:56:46,600881.SH,S,2.220,200
2,61,2025-09-12,2025-09-12 14:56:33,000887.SZ,B,22.510,400
3,52,2025-09-12,2025-09-12 14:56:24,300790.SZ,B,35.160,300
4,58,2025-09-12,2025-09-12 14:56:22,300773.SZ,B,25.690,300
5,61,2025-09-12,2025-09-12 14:56:21,300100.SZ,B,45.320,200
6,61,2025-09-12,2025-09-12 14:56:19,002178.SZ,B,7.200,400
7,61,2025-09-12,2025-09-12 14:56:20,300415.SZ,B,26.970,100
8,49,2025-09-12,2025-09-12 14:56:19,002178.SZ,B,7.200,100
9,61,2025-09-12,2025-09-12 14:56:20,300415.SZ,B,26.970,100
10,49,2025-09-12,2025-09-12 14:56:19,002178.SZ,B,7.200,200
11,61,2025-09-12,2025-09-12 14:56:19,002178.SZ,B,7.200,300
12,58,2025-09-12,2025-09-12 14:56:19,300773.SZ,B,25.690,300
13,52,2025-09-12,2025-09-12 14:56:18,600933.SH,S,19.660,100
14,58,2025-09-12,2025-09-12 14:56:15,301120.SZ,B,14.150,100
15,52,2025-09-12,2025-09-12 14:56:15,300559.SZ,S,15.330,100
16,61,2025-09-12,2025-09-12 14:56:14,002020.SZ,S,19.660,700
17,61,2025-09-12,2025-09-12 14:56:14,300955.SZ,S,29.350,100
18,61,2025-09-12,2025-09-12 14:56:14,300501.SZ,S,16.990,100
19,58,2025-09-12,2025-09-12 14:56:13,002134.SZ,B,21.510,100
20,61,2025-09-12,2025-09-12 14:56:13,002858.SZ,S,15.380,200
21,52,2025-09-12,2025-09-12 14:56:13,600844.SH,S,3.130,100
22,52,2025-09-12,2025-09-12 14:56:12,300773.SZ,B,25.690,200
23,52,2025-09-12,2025-09-12 14:56:13,300773.SZ,B,25.700,200
24,59,2025-09-12,2025-09-12 14:56:12,301120.SZ,B,14.150,1000
25,59,2025-09-12,2025-09-12 14:56:12,301120.SZ,B,14.140,400
26,49,2025-09-12,2025-09-12 14:56:06,001222.SZ,S,25.810,300
27,49,2025-09-12,2025-09-12 14:56:06,002020.SZ,S,19.650,200
28,59,2025-09-12,2025-09-12 14:56:06,001222.SZ,S,25.810,400
29,49,2025-09-12,2025-09-12 14:56:04,002858.SZ,S,15.380,200
30,58,2025-09-12,2025-09-12 14:56:02,300153.SZ,B,39.070,100
31,61,2025-09-12,2025-09-12 14:56:02,301120.SZ,B,14.150,1700
32,61,2025-09-12,2025-09-12 14:56:00,002706.SZ,S,11.570,2600
33,51,2025-09-12,2025-09-12 14:56:05,300559.SZ,S,15.320,200
34,58,2025-09-12,2025-09-12 14:55:49,300435.SZ,B,18.410,100
35,52,2025-09-12,2025-09-12 14:55:40,002858.SZ,S,15.390,300
36,58,2025-09-12,2025-09-12 14:55:48,300435.SZ,B,18.410,100
37,49,2025-09-12,2025-09-12 14:55:26,601515.SH,S,4.820,100
38,58,2025-09-12,2025-09-12 14:55:23,001222.SZ,S,25.830,500
39,51,2025-09-12,2025-09-12 14:55:23,002050.SZ,B,34.540,100
40,49,2025-09-12,2025-09-12 14:55:17,603613.SH,S,31.790,100
41,59,2025-09-12,2025-09-12 14:55:17,603613.SH,S,31.790,100
42,58,2025-09-12,2025-09-12 14:55:17,603613.SH,S,31.800,100
43,58,2025-09-12,2025-09-12 14:55:15,002858.SZ,S,15.410,400
44,58,2025-09-12,2025-09-12 14:55:15,002858.SZ,S,15.410,100
45,52,2025-09-12,2025-09-12 14:54:54,002020.SZ,S,19.660,400
46,61,2025-09-12,2025-09-12 14:54:53,300328.SZ,B,17.740,200
47,61,2025-09-12,2025-09-12 14:54:51,603266.SH,B,21.520,200
48,51,2025-09-12,2025-09-12 14:54:53,300283.SZ,S,7.490,100
49,61,2025-09-12,2025-09-12 14:54:46,300061.SZ,B,13.180,300
50,61,2025-09-12,2025-09-12 14:54:46,300061.SZ,B,13.180,100
51,51,2025-09-12,2025-09-12 14:54:50,002465.SZ,B,13.910,800
52,51,2025-09-12,2025-09-12 14:54:49,300772.SZ,S,17.830,200
53,52,2025-09-12,2025-09-12 14:54:43,301365.SZ,S,20.980,100
54,61,2025-09-12,2025-09-12 14:54:43,300153.SZ,B,39.030,400
55,61,2025-09-12,2025-09-12 14:54:43,001222.SZ,S,25.830,600
56,61,2025-09-12,2025-09-12 14:54:43,001222.SZ,S,25.830,500
57,61,2025-09-12,2025-09-12 14:54:40,300748.SZ,S,37.110,100
58,58,2025-09-12,2025-09-12 14:54:32,300790.SZ,B,35.190,400
59,51,2025-09-12,2025-09-12 14:54:20,002164.SZ,S,13.620,100
60,49,2025-09-12,2025-09-12 14:54:11,002084.SZ,S,3.860,100
61,61,2025-09-12,2025-09-12 14:54:11,002084.SZ,S,3.860,400
62,58,2025-09-12,2025-09-12 14:54:05,600858.SH,B,6.010,300
63,58,2025-09-12,2025-09-12 14:54:03,300133.SZ,S,8.980,1200
64,58,2025-09-12,2025-09-12 14:54:00,600933.SH,B,19.670,100
65,51,2025-09-12,2025-09-12 14:53:56,600735.SH,S,5.590,400
66,61,2025-09-12,2025-09-12 14:53:04,300790.SZ,B,35.170,1700
67,49,2025-09-12,2025-09-12 14:53:04,300790.SZ,B,35.170,700
68,59,2025-09-12,2025-09-12 14:53:04,300790.SZ,B,35.170,800
69,58,2025-09-12,2025-09-12 14:52:53,300748.SZ,S,36.960,100
70,59,2025-09-12,2025-09-12 14:53:01,300790.SZ,B,35.170,200
71,61,2025-09-12,2025-09-12 14:53:00,300133.SZ,S,8.980,600
72,58,2025-09-12,2025-09-12 14:52:56,603266.SH,B,21.520,100
73,58,2025-09-12,2025-09-12 14:52:41,300955.SZ,S,29.350,100
74,61,2025-09-12,2025-09-12 14:52:38,300559.SZ,S,15.320,100
75,61,2025-09-12,2025-09-12 14:52:38,300559.SZ,S,15.320,200
76,61,2025-09-12,2025-09-12 14:52:38,300559.SZ,S,15.320,100
77,49,2025-09-12,2025-09-12 14:52:38,300559.SZ,S,15.320,100
78,59,2025-09-12,2025-09-12 14:52:38,300559.SZ,S,15.320,200
79,58,2025-09-12,2025-09-12 14:52:35,002020.SZ,S,19.670,1000
80,59,2025-09-12,2025-09-12 14:52:34,300222.SZ,B,13.190,1400
81,58,2025-09-12,2025-09-12 14:52:28,300950.SZ,S,32.770,300
82,52,2025-09-12,2025-09-12 14:52:28,300950.SZ,S,32.770,200
83,61,2025-09-12,2025-09-12 14:52:25,603613.SH,S,31.820,300
84,61,2025-09-12,2025-09-12 14:52:23,603613.SH,S,31.820,100
85,58,2025-09-12,2025-09-12 14:52:21,000823.SZ,B,13.750,300
86,58,2025-09-12,2025-09-12 14:52:21,000823.SZ,B,13.750,400
87,52,2025-09-12,2025-09-12 14:51:26,000823.SZ,B,13.750,400
88,61,2025-09-12,2025-09-12 14:52:17,002347.SZ,B,7.700,200
89,49,2025-09-12,2025-09-12 14:52:15,000017.SZ,S,7.190,700
90,61,2025-09-12,2025-09-12 14:52:15,000017.SZ,S,7.190,2300
91,59,2025-09-12,2025-09-12 14:52:15,000017.SZ,S,7.190,800
92,61,2025-09-12,2025-09-12 14:52:10,300218.SZ,S,19.860,100
93,58,2025-09-12,2025-09-12 14:52:09,300559.SZ,S,15.340,300
94,51,2025-09-12,2025-09-12 14:52:11,001222.SZ,S,25.780,100
95,61,2025-09-12,2025-09-12 14:52:05,300218.SZ,S,19.860,100
96,61,2025-09-12,2025-09-12 14:52:02,002126.SZ,B,36.310,200
97,61,2025-09-12,2025-09-12 14:52:02,603089.SH,B,16.280,100
98,58,2025-09-12,2025-09-12 14:51:57,002020.SZ,S,19.660,600
99,52,2025-09-12,2025-09-12 14:51:55,301120.SZ,S,14.110,100
100,58,2025-09-12,2025-09-12 14:51:54,600452.SH,B,10.170,100
101,52,2025-09-12,2025-09-12 14:51:50,300772.SZ,S,17.800,100
102,58,2025-09-12,2025-09-12 14:51:49,002735.SZ,S,16.540,200
103,61,2025-09-12,2025-09-12 14:51:49,603089.SH,B,16.280,100
104,52,2025-09-12,2025-09-12 14:50:31,002735.SZ,S,16.540,100
105,52,2025-09-12,2025-09-12 14:50:59,300133.SZ,S,8.980,300
106,58,2025-09-12,2025-09-12 14:51:45,000017.SZ,S,7.190,700
107,61,2025-09-12,2025-09-12 14:51:39,300400.SZ,B,25.250,200
108,61,2025-09-12,2025-09-12 14:51:39,300133.SZ,S,8.980,700
109,58,2025-09-12,2025-09-12 14:51:36,300400.SZ,B,25.250,100
110,49,2025-09-12,2025-09-12 14:51:36,300133.SZ,S,8.980,400
111,59,2025-09-12,2025-09-12 14:51:36,300133.SZ,S,8.980,400
112,52,2025-09-12,2025-09-12 14:51:36,000017.SZ,S,7.190,500
113,61,2025-09-12,2025-09-12 14:51:33,002134.SZ,B,21.500,400
114,52,2025-09-12,2025-09-12 14:49:34,300790.SZ,B,35.190,500
115,61,2025-09-12,2025-09-12 14:51:23,002987.SZ,S,22.610,100
116,61,2025-09-12,2025-09-12 14:51:23,002987.SZ,S,22.610,100
117,59,2025-09-12,2025-09-12 14:51:22,600933.SH,S,19.670,300
118,49,2025-09-12,2025-09-12 14:51:22,600933.SH,S,19.670,200
119,58,2025-09-12,2025-09-12 14:51:19,002202.SZ,B,12.340,100
120,52,2025-09-12,2025-09-12 14:51:12,001222.SZ,S,25.800,200
121,61,2025-09-12,2025-09-12 14:51:11,300100.SZ,B,45.410,200
122,58,2025-09-12,2025-09-12 14:51:06,001222.SZ,S,25.800,500
123,51,2025-09-12,2025-09-12 14:50:59,600489.SH,S,19.310,100
124,61,2025-09-12,2025-09-12 14:50:49,002202.SZ,B,12.340,400
125,61,2025-09-12,2025-09-12 14:50:40,002858.SZ,S,15.410,200
126,59,2025-09-12,2025-09-12 14:50:40,002858.SZ,S,15.410,100
127,58,2025-09-12,2025-09-12 14:50:38,603009.SH,S,49.710,100
128,52,2025-09-12,2025-09-12 14:50:37,601311.SH,S,10.950,100
129,51,2025-09-12,2025-09-12 14:50:42,601311.SH,S,10.950,400
130,61,2025-09-12,2025-09-12 14:50:36,603601.SH,S,5.390,100
131,49,2025-09-12,2025-09-12 14:50:36,603601.SH,S,5.390,100
132,58,2025-09-12,2025-09-12 14:50:34,300328.SZ,B,17.730,100
133,61,2025-09-12,2025-09-12 14:50:34,002735.SZ,S,16.530,200
134,59,2025-09-12,2025-09-12 14:50:32,002735.SZ,S,16.530,100
135,49,2025-09-12,2025-09-12 14:50:28,002020.SZ,S,19.650,300
136,61,2025-09-12,2025-09-12 14:50:28,002611.SZ,S,17.790,300
137,61,2025-09-12,2025-09-12 14:50:28,002020.SZ,S,19.650,900
138,59,2025-09-12,2025-09-12 14:50:28,002020.SZ,S,19.650,200
139,59,2025-09-12,2025-09-12 14:50:28,002020.SZ,S,19.650,300
140,59,2025-09-12,2025-09-12 14:50:28,002020.SZ,S,19.650,100
141,49,2025-09-12,2025-09-12 14:50:28,300433.SZ,S,29.540,100
142,61,2025-09-12,2025-09-12 14:50:28,300433.SZ,S,29.540,100
143,61,2025-09-12,2025-09-12 14:50:25,300950.SZ,S,32.860,200
144,52,2025-09-12,2025-09-12 14:50:20,600489.SH,S,19.310,100
145,51,2025-09-12,2025-09-12 14:50:30,603159.SH,S,24.900,200
146,58,2025-09-12,2025-09-12 14:50:20,002987.SZ,S,22.610,100
147,61,2025-09-12,2025-09-12 14:50:19,603009.SH,S,49.720,100
148,51,2025-09-12,2025-09-12 14:50:15,002276.SZ,S,17.640,100
149,58,2025-09-12,2025-09-12 14:50:06,002826.SZ,B,19.680,100
150,51,2025-09-12,2025-09-12 14:50:06,002858.SZ,S,15.420,400
151,61,2025-09-12,2025-09-12 14:49:52,002826.SZ,B,19.680,200
152,61,2025-09-12,2025-09-12 14:49:49,600513.SH,S,22.720,100
153,58,2025-09-12,2025-09-12 14:49:33,300673.SZ,B,18.470,100
154,61,2025-09-12,2025-09-12 14:49:33,300950.SZ,S,32.870,100
155,49,2025-09-12,2025-09-12 14:49:32,300950.SZ,S,32.870,100
156,59,2025-09-12,2025-09-12 14:49:32,300950.SZ,S,32.870,100
157,51,2025-09-12,2025-09-12 14:49:23,002973.SZ,S,15.050,200
158,61,2025-09-12,2025-09-12 14:49:05,000959.SZ,S,4.560,100
159,58,2025-09-12,2025-09-12 14:49:01,300501.SZ,S,17.020,100
160,51,2025-09-12,2025-09-12 14:49:03,300950.SZ,S,32.880,200
161,51,2025-09-12,2025-09-12 14:49:00,300950.SZ,S,32.890,100
162,49,2025-09-12,2025-09-12 14:48:51,603089.SH,S,16.260,100
163,58,2025-09-12,2025-09-12 14:48:50,600503.SH,B,3.720,100
164,51,2025-09-12,2025-09-12 14:48:50,002364.SZ,B,28.650,300
165,49,2025-09-12,2025-09-12 14:48:35,300773.SZ,B,25.700,100
166,49,2025-09-12,2025-09-12 14:48:35,300773.SZ,B,25.700,200
167,58,2025-09-12,2025-09-12 14:48:35,300435.SZ,B,18.400,100
168,58,2025-09-12,2025-09-12 14:48:35,300435.SZ,B,18.400,100
169,58,2025-09-12,2025-09-12 14:48:35,300435.SZ,B,18.400,100
170,58,2025-09-12,2025-09-12 14:48:35,300435.SZ,B,18.400,100
171,61,2025-09-12,2025-09-12 14:48:32,600858.SH,B,6.010,100
172,61,2025-09-12,2025-09-12 14:48:31,600858.SH,B,6.010,600
173,49,2025-09-12,2025-09-12 14:48:31,600858.SH,B,6.010,200
174,49,2025-09-12,2025-09-12 14:48:30,600858.SH,B,6.010,100
175,58,2025-09-12,2025-09-12 14:48:10,002178.SZ,B,7.190,300
176,51,2025-09-12,2025-09-12 14:48:06,002050.SZ,B,34.560,100
177,51,2025-09-12,2025-09-12 14:48:06,002050.SZ,B,34.560,100
178,49,2025-09-12,2025-09-12 14:47:31,600503.SH,B,3.720,1400
179,58,2025-09-12,2025-09-12 14:47:29,000887.SZ,B,22.500,100
180,58,2025-09-12,2025-09-12 14:47:25,603613.SH,S,31.830,200
181,58,2025-09-12,2025-09-12 14:47:20,300790.SZ,B,35.160,500
182,58,2025-09-12,2025-09-12 14:47:20,300790.SZ,B,35.160,100
183,52,2025-09-12,2025-09-12 14:47:19,603613.SH,S,31.830,100
184,51,2025-09-12,2025-09-12 14:47:00,002858.SZ,S,15.410,200
185,52,2025-09-12,2025-09-12 14:46:18,002303.SZ,S,4.280,100
186,51,2025-09-12,2025-09-12 14:46:52,001289.SZ,B,17.380,296
187,58,2025-09-12,2025-09-12 14:46:44,300061.SZ,B,13.200,100
188,51,2025-09-12,2025-09-12 14:46:49,001289.SZ,B,17.380,4
189,58,2025-09-12,2025-09-12 14:46:41,603089.SH,B,16.230,100
190,51,2025-09-12,2025-09-12 14:46:42,000783.SZ,B,8.340,300
191,58,2025-09-12,2025-09-12 14:46:35,300100.SZ,B,45.420,300
192,58,2025-09-12,2025-09-12 14:46:28,300153.SZ,B,39.050,200
193,58,2025-09-12,2025-09-12 14:46:25,000017.SZ,S,7.180,1500
194,51,2025-09-12,2025-09-12 14:46:29,601865.SH,B,18.570,300
195,58,2025-09-12,2025-09-12 14:46:21,002364.SZ,B,28.630,100
196,58,2025-09-12,2025-09-12 14:46:19,300222.SZ,B,13.190,100
197,52,2025-09-12,2025-09-12 14:46:18,600735.SH,S,5.580,100
198,58,2025-09-12,2025-09-12 14:46:19,002347.SZ,B,7.680,100
199,52,2025-09-12,2025-09-12 14:46:18,000959.SZ,S,4.560,100
200,52,2025-09-12,2025-09-12 14:46:18,600820.SH,S,6.630,100
201,52,2025-09-12,2025-09-12 14:46:18,300222.SZ,B,13.190,400
202,61,2025-09-12,2025-09-12 14:46:17,600881.SH,S,2.220,500
203,61,2025-09-12,2025-09-12 14:46:17,600166.SH,S,2.830,100
204,49,2025-09-12,2025-09-12 14:46:17,600961.SH,S,16.240,100
205,59,2025-09-12,2025-09-12 14:46:17,600961.SH,S,16.240,100
206,52,2025-09-12,2025-09-12 14:43:29,000709.SZ,S,2.500,100
207,49,2025-09-12,2025-09-12 14:43:27,600933.SH,B,19.680,600
208,61,2025-09-12,2025-09-12 14:43:19,002611.SZ,B,17.790,200
209,58,2025-09-12,2025-09-12 14:43:18,600933.SH,B,19.670,200
210,59,2025-09-12,2025-09-12 14:43:10,600933.SH,B,19.660,600
211,59,2025-09-12,2025-09-12 14:43:10,600933.SH,B,19.660,300
212,52,2025-09-12,2025-09-12 14:43:06,301120.SZ,B,14.120,500
213,61,2025-09-12,2025-09-12 14:43:06,300218.SZ,B,19.980,100
214,61,2025-09-12,2025-09-12 14:43:06,300218.SZ,B,19.980,100
215,58,2025-09-12,2025-09-12 14:43:03,002202.SZ,B,12.340,400
216,59,2025-09-12,2025-09-12 14:43:02,000826.SZ,B,2.240,8700
217,61,2025-09-12,2025-09-12 14:43:02,000826.SZ,B,2.240,6500
218,49,2025-09-12,2025-09-12 14:43:02,000826.SZ,B,2.240,1200
219,61,2025-09-12,2025-09-12 14:43:00,603601.SH,B,5.390,700
220,49,2025-09-12,2025-09-12 14:42:59,603601.SH,B,5.390,300
221,58,2025-09-12,2025-09-12 14:42:59,000826.SZ,B,2.240,1800
222,49,2025-09-12,2025-09-12 14:42:55,603950.SH,S,34.680,100
223,61,2025-09-12,2025-09-12 14:42:45,000709.SZ,S,2.500,100
224,58,2025-09-12,2025-09-12 14:42:44,603601.SH,B,5.390,400
225,52,2025-09-12,2025-09-12 14:42:43,603950.SH,S,34.690,100
226,52,2025-09-12,2025-09-12 14:42:43,603950.SH,S,34.690,100
227,51,2025-09-12,2025-09-12 14:42:39,300066.SZ,S,7.140,600
228,59,2025-09-12,2025-09-12 14:42:31,603950.SH,S,34.700,300
229,58,2025-09-12,2025-09-12 14:42:30,603950.SH,S,34.700,500
230,58,2025-09-12,2025-09-12 14:41:54,603950.SH,S,34.760,500
231,49,2025-09-12,2025-09-12 14:41:53,300222.SZ,B,13.220,300
232,61,2025-09-12,2025-09-12 14:41:53,300222.SZ,B,13.220,1200
233,58,2025-09-12,2025-09-12 14:41:38,300433.SZ,B,29.500,100
234,61,2025-09-12,2025-09-12 14:41:17,300501.SZ,S,16.990,100
235,61,2025-09-12,2025-09-12 14:41:04,600507.SH,S,5.820,100
236,59,2025-09-12,2025-09-12 14:41:04,600507.SH,S,5.820,100
237,61,2025-09-12,2025-09-12 14:41:00,300673.SZ,B,18.480,200
238,49,2025-09-12,2025-09-12 14:40:41,603950.SH,S,34.760,100
239,61,2025-09-12,2025-09-12 14:40:35,002326.SZ,S,17.350,100
240,49,2025-09-12,2025-09-12 14:40:35,002326.SZ,S,17.350,100
241,61,2025-09-12,2025-09-12 14:40:34,301016.SZ,S,21.070,100
242,59,2025-09-12,2025-09-12 14:40:25,300682.SZ,S,22.970,100
243,61,2025-09-12,2025-09-12 14:40:25,300682.SZ,S,22.970,100
244,61,2025-09-12,2025-09-12 14:40:23,301016.SZ,S,21.070,200
245,49,2025-09-12,2025-09-12 14:40:10,002084.SZ,B,3.860,300
246,61,2025-09-12,2025-09-12 14:40:10,002084.SZ,B,3.860,500
247,61,2025-09-12,2025-09-12 14:40:09,002084.SZ,B,3.860,500
248,52,2025-09-12,2025-09-12 14:38:40,600933.SH,B,19.670,300
249,52,2025-09-12,2025-09-12 14:38:40,600933.SH,B,19.670,200
250,58,2025-09-12,2025-09-12 14:40:02,688331.SH,S,107.480,200
251,58,2025-09-12,2025-09-12 14:40:04,600933.SH,B,19.670,100
252,58,2025-09-12,2025-09-12 14:40:04,600933.SH,B,19.670,800
253,49,2025-09-12,2025-09-12 14:40:02,603613.SH,S,31.890,100
254,61,2025-09-12,2025-09-12 14:40:02,603613.SH,S,31.890,100
255,59,2025-09-12,2025-09-12 14:40:02,603613.SH,S,31.890,100
256,58,2025-09-12,2025-09-12 14:39:47,603871.SH,B,12.510,100
257,61,2025-09-12,2025-09-12 14:39:44,603950.SH,S,34.730,800
258,49,2025-09-12,2025-09-12 14:39:28,001236.SZ,B,11.830,200
259,49,2025-09-12,2025-09-12 14:39:28,001236.SZ,B,11.830,100
260,58,2025-09-12,2025-09-12 14:39:17,002065.SZ,B,10.510,100
261,61,2025-09-12,2025-09-12 14:39:11,002324.SZ,S,14.500,300
262,49,2025-09-12,2025-09-12 14:39:10,301120.SZ,B,14.130,300
263,58,2025-09-12,2025-09-12 14:39:08,002987.SZ,B,22.660,400
264,58,2025-09-12,2025-09-12 14:39:06,300559.SZ,S,15.400,100
265,58,2025-09-12,2025-09-12 14:39:06,300559.SZ,S,15.400,100
266,58,2025-09-12,2025-09-12 14:39:04,600480.SH,B,13.520,100
267,52,2025-09-12,2025-09-12 14:37:22,300559.SZ,S,15.400,100
268,61,2025-09-12,2025-09-12 14:38:58,600480.SH,B,13.520,600
269,61,2025-09-12,2025-09-12 14:38:57,300539.SZ,S,37.520,100
270,58,2025-09-12,2025-09-12 14:38:48,300673.SZ,B,18.510,100
271,61,2025-09-12,2025-09-12 14:38:11,002987.SZ,B,22.660,500
272,61,2025-09-12,2025-09-12 14:38:11,300465.SZ,S,25.040,100
273,58,2025-09-12,2025-09-12 14:38:03,002843.SZ,B,23.320,100
274,51,2025-09-12,2025-09-12 14:38:05,300772.SZ,S,17.880,100
275,51,2025-09-12,2025-09-12 14:37:51,000750.SZ,B,4.740,5400
276,61,2025-09-12,2025-09-12 14:37:44,300559.SZ,S,15.380,100
277,49,2025-09-12,2025-09-12 14:37:44,300559.SZ,S,15.380,100
278,61,2025-09-12,2025-09-12 14:37:44,300559.SZ,S,15.380,100
279,59,2025-09-12,2025-09-12 14:37:44,300559.SZ,S,15.380,100
280,58,2025-09-12,2025-09-12 14:37:36,002565.SZ,B,7.690,700
281,58,2025-09-12,2025-09-12 14:37:09,002202.SZ,B,12.350,300
282,58,2025-09-12,2025-09-12 14:36:55,301117.SZ,B,32.850,100
283,49,2025-09-12,2025-09-12 14:36:28,002202.SZ,B,12.360,300
284,61,2025-09-12,2025-09-12 14:36:06,300433.SZ,S,29.550,100
285,51,2025-09-12,2025-09-12 14:36:05,601933.SH,S,5.240,1500
286,49,2025-09-12,2025-09-12 14:35:54,603950.SH,S,34.820,100
287,61,2025-09-12,2025-09-12 14:35:54,603950.SH,S,34.820,200
288,52,2025-09-12,2025-09-12 14:35:47,600737.SH,S,16.860,100
289,58,2025-09-12,2025-09-12 14:35:45,002364.SZ,B,28.750,100
290,58,2025-09-12,2025-09-12 14:35:29,300066.SZ,S,7.160,2600
291,49,2025-09-12,2025-09-12 14:35:14,300433.SZ,B,29.510,300
292,61,2025-09-12,2025-09-12 14:35:11,300218.SZ,B,20.040,300
293,61,2025-09-12,2025-09-12 14:35:10,600480.SH,B,13.530,600
294,61,2025-09-12,2025-09-12 14:35:10,603322.SH,B,40.790,100
295,61,2025-09-12,2025-09-12 14:35:08,603322.SH,B,40.790,100
296,58,2025-09-12,2025-09-12 14:35:05,600503.SH,B,3.730,1700
297,58,2025-09-12,2025-09-12 14:35:05,600503.SH,B,3.730,500
298,49,2025-09-12,2025-09-12 14:35:05,300328.SZ,B,17.830,100
299,49,2025-09-12,2025-09-12 14:35:04,300328.SZ,B,17.830,100
300,52,2025-09-12,2025-09-12 14:35:04,600503.SH,B,3.730,1100
301,49,2025-09-12,2025-09-12 14:35:01,300328.SZ,B,17.830,100
302,61,2025-09-12,2025-09-12 14:34:59,002065.SZ,B,10.520,200
303,58,2025-09-12,2025-09-12 14:35:00,301018.SZ,B,69.210,100
304,58,2025-09-12,2025-09-12 14:34:55,301120.SZ,B,14.130,700
305,61,2025-09-12,2025-09-12 14:34:53,002611.SZ,B,17.810,300
306,58,2025-09-12,2025-09-12 14:34:49,002134.SZ,B,21.510,100
307,61,2025-09-12,2025-09-12 14:34:46,300673.SZ,B,18.500,300
308,58,2025-09-12,2025-09-12 14:34:30,603322.SH,B,40.780,100
309,58,2025-09-12,2025-09-12 14:34:20,002324.SZ,B,14.500,100
310,61,2025-09-12,2025-09-12 14:34:13,002015.SZ,S,12.100,300
311,58,2025-09-12,2025-09-12 14:34:06,301016.SZ,S,21.050,200
312,58,2025-09-12,2025-09-12 14:33:58,300539.SZ,S,37.350,100
313,61,2025-09-12,2025-09-12 14:33:51,300586.SZ,S,10.990,600
314,58,2025-09-12,2025-09-12 14:33:50,603613.SH,S,31.930,100
315,58,2025-09-12,2025-09-12 14:33:50,603613.SH,S,31.930,100
316,61,2025-09-12,2025-09-12 14:33:33,300648.SZ,S,48.530,100
317,61,2025-09-12,2025-09-12 14:33:08,300731.SZ,B,47.030,200
318,58,2025-09-12,2025-09-12 14:32:52,002735.SZ,S,16.610,200
319,61,2025-09-12,2025-09-12 14:32:52,002735.SZ,S,16.610,200
320,49,2025-09-12,2025-09-12 14:32:52,002735.SZ,S,16.610,100
321,59,2025-09-12,2025-09-12 14:32:52,002735.SZ,S,16.610,100
322,61,2025-09-12,2025-09-12 14:32:50,605118.SH,B,30.310,100
323,61,2025-09-12,2025-09-12 14:32:50,605118.SH,B,30.310,100
324,59,2025-09-12,2025-09-12 14:32:32,688331.SH,S,108.090,91
325,59,2025-09-12,2025-09-12 14:32:32,688331.SH,S,108.090,109
326,61,2025-09-12,2025-09-12 14:32:31,688331.SH,S,108.150,124
327,52,2025-09-12,2025-09-12 14:31:17,000750.SZ,B,4.750,1100
328,58,2025-09-12,2025-09-12 14:32:15,002245.SZ,S,18.260,100
329,52,2025-09-12,2025-09-12 14:32:15,603185.SH,S,23.300,100
330,61,2025-09-12,2025-09-12 14:32:08,002114.SZ,S,8.370,600
331,61,2025-09-12,2025-09-12 14:32:04,301018.SZ,B,69.140,200
332,49,2025-09-12,2025-09-12 14:31:52,002114.SZ,S,8.360,400
333,49,2025-09-12,2025-09-12 14:31:42,603089.SH,B,16.290,100
334,49,2025-09-12,2025-09-12 14:31:42,603089.SH,B,16.290,200
335,58,2025-09-12,2025-09-12 14:31:40,600869.SH,B,7.060,100
336,58,2025-09-12,2025-09-12 14:31:38,002611.SZ,B,17.820,100
337,58,2025-09-12,2025-09-12 14:31:32,002084.SZ,B,3.860,400
338,58,2025-09-12,2025-09-12 14:31:30,600203.SH,B,14.370,100
339,58,2025-09-12,2025-09-12 14:31:27,002114.SZ,S,8.370,900
340,58,2025-09-12,2025-09-12 14:31:27,002114.SZ,S,8.370,200
341,58,2025-09-12,2025-09-12 14:31:26,002114.SZ,S,8.370,100
342,58,2025-09-12,2025-09-12 14:31:25,002126.SZ,B,36.300,100
343,52,2025-09-12,2025-09-12 14:31:24,002114.SZ,S,8.370,300
344,51,2025-09-12,2025-09-12 14:31:29,002114.SZ,S,8.370,200
345,51,2025-09-12,2025-09-12 14:31:26,002177.SZ,S,7.920,100
346,61,2025-09-12,2025-09-12 14:31:20,002126.SZ,B,36.280,700
347,51,2025-09-12,2025-09-12 14:31:24,300066.SZ,S,7.170,900
348,58,2025-09-12,2025-09-12 14:31:18,000826.SZ,B,2.250,2100
349,52,2025-09-12,2025-09-12 14:31:17,300066.SZ,S,7.170,1500
350,52,2025-09-12,2025-09-12 14:31:17,000826.SZ,B,2.250,1100
351,58,2025-09-12,2025-09-12 14:31:16,300218.SZ,B,20.020,100
352,61,2025-09-12,2025-09-12 14:31:17,002114.SZ,S,8.370,700
353,58,2025-09-12,2025-09-12 14:31:16,300222.SZ,B,13.230,700
354,58,2025-09-12,2025-09-12 14:31:16,301511.SZ,B,36.880,100
355,58,2025-09-12,2025-09-12 14:31:16,300066.SZ,S,7.170,2400
356,59,2025-09-12,2025-09-12 14:31:16,002114.SZ,S,8.370,400
357,49,2025-09-12,2025-09-12 14:31:14,300066.SZ,S,7.170,1600
358,61,2025-09-12,2025-09-12 14:31:14,300066.SZ,S,7.170,5400
359,59,2025-09-12,2025-09-12 14:31:13,300066.SZ,S,7.170,1900
360,61,2025-09-12,2025-09-12 14:28:30,600881.SH,S,2.220,3900
361,59,2025-09-12,2025-09-12 14:28:30,600881.SH,S,2.220,1100
362,61,2025-09-12,2025-09-12 14:28:21,300696.SZ,B,26.300,600
363,61,2025-09-12,2025-09-12 14:28:21,300696.SZ,B,26.300,100
364,61,2025-09-12,2025-09-12 14:28:21,603950.SH,S,34.720,200
365,58,2025-09-12,2025-09-12 14:28:20,600503.SH,B,3.720,2800
366,49,2025-09-12,2025-09-12 14:28:18,601519.SH,B,16.160,200
367,61,2025-09-12,2025-09-12 14:28:17,001236.SZ,B,11.820,400
368,61,2025-09-12,2025-09-12 14:28:17,000837.SZ,S,14.320,300
369,49,2025-09-12,2025-09-12 14:28:13,002126.SZ,B,36.300,100
370,61,2025-09-12,2025-09-12 14:28:09,300591.SZ,B,10.020,200
371,61,2025-09-12,2025-09-12 14:28:09,300591.SZ,B,10.020,300
372,59,2025-09-12,2025-09-12 14:28:08,600292.SH,B,14.050,600
373,49,2025-09-12,2025-09-12 14:28:08,001222.SZ,S,25.860,100
374,61,2025-09-12,2025-09-12 14:28:08,001222.SZ,S,25.860,200
375,49,2025-09-12,2025-09-12 14:28:07,000066.SZ,B,16.700,200
376,59,2025-09-12,2025-09-12 14:28:07,000066.SZ,B,16.700,300
377,52,2025-09-12,2025-09-12 14:28:07,600503.SH,B,3.720,600
378,58,2025-09-12,2025-09-12 14:28:07,300609.SZ,B,46.310,100
379,58,2025-09-12,2025-09-12 14:28:02,000066.SZ,B,16.700,300
380,61,2025-09-12,2025-09-12 14:28:00,301117.SZ,B,32.860,100
381,61,2025-09-12,2025-09-12 14:27:56,002676.SZ,B,10.610,100
382,58,2025-09-12,2025-09-12 14:27:44,600881.SH,S,2.220,3700
383,52,2025-09-12,2025-09-12 14:27:43,600881.SH,S,2.220,800
384,58,2025-09-12,2025-09-12 14:27:23,603068.SH,S,43.420,100
385,49,2025-09-12,2025-09-12 14:27:23,000959.SZ,S,4.540,100
386,58,2025-09-12,2025-09-12 14:27:07,300731.SZ,B,46.920,100
387,61,2025-09-12,2025-09-12 14:27:06,603871.SH,B,12.480,300
388,58,2025-09-12,2025-09-12 14:27:04,603158.SH,S,10.780,400
389,61,2025-09-12,2025-09-12 14:27:03,603068.SH,S,43.460,100
390,61,2025-09-12,2025-09-12 14:26:59,300501.SZ,S,16.950,100
391,49,2025-09-12,2025-09-12 14:26:59,300501.SZ,S,16.950,100
392,61,2025-09-12,2025-09-12 14:26:59,603159.SH,S,24.910,500
393,49,2025-09-12,2025-09-12 14:26:59,603159.SH,S,24.910,200
394,59,2025-09-12,2025-09-12 14:26:59,603159.SH,S,24.910,200
395,59,2025-09-12,2025-09-12 14:26:59,300501.SZ,S,16.950,100
396,61,2025-09-12,2025-09-12 14:26:53,002735.SZ,S,16.610,200
397,58,2025-09-12,2025-09-12 14:26:50,688148.SH,S,6.180,699
398,58,2025-09-12,2025-09-12 14:26:50,688148.SH,S,6.180,152
399,52,2025-09-12,2025-09-12 14:26:43,603950.SH,S,34.750,100
400,49,2025-09-12,2025-09-12 14:26:27,688148.SH,S,6.190,311
401,59,2025-09-12,2025-09-12 14:26:27,688148.SH,S,6.190,348
402,51,2025-09-12,2025-09-12 14:25:59,600367.SH,S,18.310,600
403,52,2025-09-12,2025-09-12 14:25:03,601766.SH,S,7.710,100
404,58,2025-09-12,2025-09-12 14:25:32,300559.SZ,S,15.460,300
405,61,2025-09-12,2025-09-12 14:25:30,601519.SH,B,16.180,300
406,61,2025-09-12,2025-09-12 14:25:28,601519.SH,B,16.180,100
407,61,2025-09-12,2025-09-12 14:25:28,601519.SH,B,16.180,200
408,49,2025-09-12,2025-09-12 14:25:27,688658.SH,S,25.370,200
409,59,2025-09-12,2025-09-12 14:25:27,601519.SH,B,16.180,200
410,61,2025-09-12,2025-09-12 14:25:27,601519.SH,B,16.180,100
411,59,2025-09-12,2025-09-12 14:25:26,601519.SH,B,16.180,200
412,61,2025-09-12,2025-09-12 14:25:23,002643.SZ,S,13.780,100
413,61,2025-09-12,2025-09-12 14:25:20,600292.SH,B,14.050,100
414,61,2025-09-12,2025-09-12 14:25:09,603569.SH,B,9.670,600
415,58,2025-09-12,2025-09-12 14:25:09,002134.SZ,B,21.530,200
416,61,2025-09-12,2025-09-12 14:25:08,603569.SH,B,9.670,700
417,49,2025-09-12,2025-09-12 14:25:07,300682.SZ,S,23.000,200
418,61,2025-09-12,2025-09-12 14:25:07,300682.SZ,S,23.000,300
419,61,2025-09-12,2025-09-12 14:25:04,300682.SZ,S,23.000,100
420,59,2025-09-12,2025-09-12 14:25:04,300682.SZ,S,23.000,100
421,61,2025-09-12,2025-09-12 14:25:04,300586.SZ,B,10.970,400
422,61,2025-09-12,2025-09-12 14:25:04,300586.SZ,B,10.970,600
423,52,2025-09-12,2025-09-12 14:25:01,603159.SH,S,24.940,100
424,52,2025-09-12,2025-09-12 14:25:00,601003.SH,B,5.870,100
425,61,2025-09-12,2025-09-12 14:24:52,300559.SZ,S,15.470,500
426,61,2025-09-12,2025-09-12 14:24:49,301016.SZ,S,21.080,200
427,49,2025-09-12,2025-09-12 14:24:41,600252.SH,S,2.780,100
428,61,2025-09-12,2025-09-12 14:24:22,000402.SZ,S,3.310,100
429,61,2025-09-12,2025-09-12 14:24:10,300586.SZ,B,10.970,300
430,61,2025-09-12,2025-09-12 14:23:57,603950.SH,S,34.790,100
431,61,2025-09-12,2025-09-12 14:23:57,002134.SZ,B,21.540,300
432,59,2025-09-12,2025-09-12 14:23:56,603950.SH,S,34.790,200
433,58,2025-09-12,2025-09-12 14:23:54,603950.SH,S,34.810,400
434,49,2025-09-12,2025-09-12 14:23:47,300559.SZ,S,15.470,200
435,51,2025-09-12,2025-09-12 14:23:41,603950.SH,S,34.810,100
436,61,2025-09-12,2025-09-12 14:23:27,603950.SH,S,34.800,100
437,61,2025-09-12,2025-09-12 14:23:09,300499.SZ,B,29.570,100
438,52,2025-09-12,2025-09-12 14:23:04,600480.SH,B,13.540,100
439,58,2025-09-12,2025-09-12 14:22:58,603121.SH,B,17.280,100
440,61,2025-09-12,2025-09-12 14:22:57,688148.SH,S,6.190,935
441,52,2025-09-12,2025-09-12 14:22:44,301117.SZ,B,32.860,100
442,61,2025-09-12,2025-09-12 14:22:39,601865.SH,B,18.570,300
443,59,2025-09-12,2025-09-12 14:22:39,601865.SH,B,18.570,300
444,58,2025-09-12,2025-09-12 14:22:29,600480.SH,B,13.530,600
445,58,2025-09-12,2025-09-12 14:22:29,002015.SZ,B,12.090,200
446,58,2025-09-12,2025-09-12 14:22:25,002676.SZ,B,10.610,100
447,49,2025-09-12,2025-09-12 14:22:24,601519.SH,B,16.170,100
448,49,2025-09-12,2025-09-12 14:22:22,601519.SH,B,16.170,100
449,49,2025-09-12,2025-09-12 14:22:21,601519.SH,B,16.170,100
450,61,2025-09-12,2025-09-12 14:22:18,002015.SZ,B,12.090,700
451,49,2025-09-12,2025-09-12 14:22:16,301148.SZ,S,27.640,100
452,61,2025-09-12,2025-09-12 14:22:16,301148.SZ,S,27.640,100
453,61,2025-09-12,2025-09-12 14:22:15,001236.SZ,B,11.820,800
454,61,2025-09-12,2025-09-12 14:22:12,000066.SZ,B,16.700,1200
455,58,2025-09-12,2025-09-12 14:22:11,300433.SZ,B,29.520,200
456,58,2025-09-12,2025-09-12 14:22:09,002324.SZ,B,14.510,200
457,61,2025-09-12,2025-09-12 14:22:10,002324.SZ,B,14.510,700
458,52,2025-09-12,2025-09-12 14:22:11,300433.SZ,B,29.520,100
459,61,2025-09-12,2025-09-12 14:22:10,002065.SZ,B,10.520,100
460,49,2025-09-12,2025-09-12 14:22:10,002536.SZ,B,26.130,100
461,49,2025-09-12,2025-09-12 14:22:10,002536.SZ,B,26.130,200
462,52,2025-09-12,2025-09-12 14:22:03,002065.SZ,B,10.510,100
463,58,2025-09-12,2025-09-12 14:22:09,603052.SH,B,33.420,100
464,58,2025-09-12,2025-09-12 14:22:10,000066.SZ,B,16.690,400
465,52,2025-09-12,2025-09-12 14:22:09,002324.SZ,B,14.510,100
466,52,2025-09-12,2025-09-12 14:22:03,000066.SZ,B,16.690,300
467,58,2025-09-12,2025-09-12 14:22:09,002065.SZ,B,10.510,100
468,49,2025-09-12,2025-09-12 14:22:07,000066.SZ,B,16.700,300
469,59,2025-09-12,2025-09-12 14:22:08,001236.SZ,B,11.820,600
470,61,2025-09-12,2025-09-12 14:22:06,000066.SZ,B,16.700,400
471,59,2025-09-12,2025-09-12 14:22:06,000066.SZ,B,16.700,300
472,49,2025-09-12,2025-09-12 14:22:05,000066.SZ,B,16.700,200
473,59,2025-09-12,2025-09-12 14:22:05,601519.SH,B,16.170,500
474,61,2025-09-12,2025-09-12 14:22:04,000066.SZ,B,16.700,300
475,61,2025-09-12,2025-09-12 14:22:03,002987.SZ,B,22.670,100
476,61,2025-09-12,2025-09-12 14:22:02,601519.SH,B,16.170,800
477,61,2025-09-12,2025-09-12 14:22:02,300433.SZ,B,29.490,700
478,61,2025-09-12,2025-09-12 14:22:01,301069.SZ,B,23.010,100
479,61,2025-09-12,2025-09-12 14:22:00,002993.SZ,B,46.310,100
480,61,2025-09-12,2025-09-12 14:22:00,603266.SH,B,21.570,100
481,58,2025-09-12,2025-09-12 14:21:58,603871.SH,B,12.470,200
482,58,2025-09-12,2025-09-12 14:21:57,300850.SZ,B,36.450,100
483,58,2025-09-12,2025-09-12 14:21:56,603266.SH,B,21.570,100
484,52,2025-09-12,2025-09-12 14:21:52,300559.SZ,S,15.440,400
485,58,2025-09-12,2025-09-12 14:21:54,600392.SH,B,22.890,200
486,58,2025-09-12,2025-09-12 14:21:49,002565.SZ,B,7.650,200
487,49,2025-09-12,2025-09-12 14:21:48,603068.SH,S,43.440,100
488,59,2025-09-12,2025-09-12 14:21:48,603068.SH,S,43.440,100
489,58,2025-09-12,2025-09-12 14:21:48,300559.SZ,S,15.410,1400
490,61,2025-09-12,2025-09-12 14:21:48,300559.SZ,S,15.420,800
491,61,2025-09-12,2025-09-12 14:21:48,300559.SZ,S,15.430,500
492,61,2025-09-12,2025-09-12 14:21:46,002249.SZ,S,9.190,6400
493,52,2025-09-12,2025-09-12 14:21:45,002249.SZ,S,9.210,900
494,51,2025-09-12,2025-09-12 14:21:50,002249.SZ,S,9.210,600
495,59,2025-09-12,2025-09-12 14:21:44,002177.SZ,S,7.920,400
496,52,2025-09-12,2025-09-12 14:21:42,600367.SH,S,18.290,100
497,61,2025-09-12,2025-09-12 14:21:39,600033.SH,S,3.520,100
498,49,2025-09-12,2025-09-12 14:21:37,002177.SZ,S,7.920,300
499,61,2025-09-12,2025-09-12 14:21:37,002177.SZ,S,7.920,100
500,61,2025-09-12,2025-09-12 14:21:37,601519.SH,B,16.160,300
501,59,2025-09-12,2025-09-12 14:21:37,601519.SH,B,16.160,1000
502,61,2025-09-12,2025-09-12 14:21:35,002177.SZ,S,7.920,100
503,61,2025-09-12,2025-09-12 14:21:35,002177.SZ,S,7.920,400
504,61,2025-09-12,2025-09-12 14:21:34,002177.SZ,S,7.920,400
505,58,2025-09-12,2025-09-12 14:21:30,002276.SZ,S,17.600,200
506,58,2025-09-12,2025-09-12 14:21:30,002276.SZ,S,17.600,100
507,52,2025-09-12,2025-09-12 14:20:11,002276.SZ,S,17.600,100
508,49,2025-09-12,2025-09-12 14:21:29,002126.SZ,B,36.300,200
509,61,2025-09-12,2025-09-12 14:21:20,300591.SZ,B,9.990,700
510,58,2025-09-12,2025-09-12 14:21:19,603306.SH,B,50.100,100
511,59,2025-09-12,2025-09-12 14:21:10,300559.SZ,S,15.360,400
512,59,2025-09-12,2025-09-12 14:21:10,300559.SZ,S,15.360,200
513,58,2025-09-12,2025-09-12 14:21:10,605598.SH,S,25.740,200
514,49,2025-09-12,2025-09-12 14:21:09,300559.SZ,S,15.360,400
515,58,2025-09-12,2025-09-12 14:21:04,300092.SZ,B,18.110,100
516,61,2025-09-12,2025-09-12 14:20:51,603068.SH,S,43.500,100
517,61,2025-09-12,2025-09-12 14:20:50,603068.SH,S,43.500,100
518,59,2025-09-12,2025-09-12 14:20:50,002126.SZ,B,36.310,300
519,58,2025-09-12,2025-09-12 14:20:46,002364.SZ,B,28.660,100
520,58,2025-09-12,2025-09-12 14:20:46,002364.SZ,B,28.660,200
521,59,2025-09-12,2025-09-12 14:20:46,600503.SH,B,3.720,1900
522,61,2025-09-12,2025-09-12 14:20:46,600503.SH,B,3.720,5500
523,52,2025-09-12,2025-09-12 14:20:05,300731.SZ,B,46.920,100
524,51,2025-09-12,2025-09-12 14:20:45,600503.SH,B,3.720,8000
525,58,2025-09-12,2025-09-12 14:20:35,301148.SZ,S,27.620,100
526,61,2025-09-12,2025-09-12 14:20:34,000837.SZ,S,14.350,500
527,58,2025-09-12,2025-09-12 14:20:33,001222.SZ,S,25.790,200
528,52,2025-09-12,2025-09-12 14:20:34,001222.SZ,S,25.790,100
529,61,2025-09-12,2025-09-12 14:20:32,603158.SH,S,10.780,1300
530,49,2025-09-12,2025-09-12 14:20:32,603158.SH,S,10.780,300
531,58,2025-09-12,2025-09-12 14:20:33,300731.SZ,B,46.920,100
532,61,2025-09-12,2025-09-12 14:20:32,603767.SH,S,29.920,100
533,52,2025-09-12,2025-09-12 14:20:31,300682.SZ,S,22.950,100
534,61,2025-09-12,2025-09-12 14:20:30,601515.SH,S,4.810,100
535,59,2025-09-12,2025-09-12 14:20:30,603158.SH,S,10.780,500
536,58,2025-09-12,2025-09-12 14:20:29,603068.SH,S,43.540,200
537,52,2025-09-12,2025-09-12 14:20:28,300050.SZ,S,6.900,300
538,58,2025-09-12,2025-09-12 14:20:26,300217.SZ,S,5.980,1000
539,59,2025-09-12,2025-09-12 14:20:26,002326.SZ,S,17.450,200
540,58,2025-09-12,2025-09-12 14:20:14,603657.SH,S,39.850,100
541,52,2025-09-12,2025-09-12 14:20:14,002177.SZ,S,7.920,300
542,49,2025-09-12,2025-09-12 14:20:13,600869.SH,S,7.060,200
543,61,2025-09-12,2025-09-12 14:20:13,600869.SH,S,7.060,200
544,58,2025-09-12,2025-09-12 14:20:11,002177.SZ,S,7.920,800
545,58,2025-09-12,2025-09-12 14:20:07,300673.SZ,B,18.550,100
546,61,2025-09-12,2025-09-12 14:19:58,300673.SZ,B,18.580,100
547,59,2025-09-12,2025-09-12 14:19:53,301148.SZ,S,27.640,100
548,52,2025-09-12,2025-09-12 14:19:52,603158.SH,S,10.790,200
549,52,2025-09-12,2025-09-12 14:19:52,603158.SH,S,10.790,100
550,51,2025-09-12,2025-09-12 14:19:57,300763.SZ,S,83.220,100
551,61,2025-09-12,2025-09-12 14:19:51,002326.SZ,S,17.450,400
552,49,2025-09-12,2025-09-12 14:19:51,002326.SZ,S,17.450,100
553,58,2025-09-12,2025-09-12 14:19:50,603158.SH,S,10.790,100
554,58,2025-09-12,2025-09-12 14:19:50,603158.SH,S,10.790,600
555,49,2025-09-12,2025-09-12 14:19:49,002190.SZ,S,40.840,100
556,61,2025-09-12,2025-09-12 14:19:49,002190.SZ,S,40.840,200
557,59,2025-09-12,2025-09-12 14:19:49,002190.SZ,S,40.840,100
558,61,2025-09-12,2025-09-12 14:19:46,603871.SH,B,12.490,220
559,58,2025-09-12,2025-09-12 14:19:45,300763.SZ,S,83.220,200
560,51,2025-09-12,2025-09-12 14:19:50,601717.SH,S,23.030,100
561,61,2025-09-12,2025-09-12 14:19:45,603871.SH,B,12.490,180
562,52,2025-09-12,2025-09-12 14:19:44,300763.SZ,S,83.220,100
563,58,2025-09-12,2025-09-12 14:19:43,002326.SZ,S,17.450,400
564,52,2025-09-12,2025-09-12 14:19:43,002326.SZ,S,17.450,200
565,59,2025-09-12,2025-09-12 14:19:42,002245.SZ,S,18.300,100
566,52,2025-09-12,2025-09-12 14:19:06,300696.SZ,B,26.270,100
567,61,2025-09-12,2025-09-12 14:19:39,002245.SZ,S,18.300,100
568,61,2025-09-12,2025-09-12 14:19:39,002245.SZ,S,18.300,200
569,49,2025-09-12,2025-09-12 14:19:39,002245.SZ,S,18.300,100
570,51,2025-09-12,2025-09-12 14:19:41,603657.SH,S,39.890,100
571,51,2025-09-12,2025-09-12 14:19:33,300050.SZ,S,6.910,100
572,58,2025-09-12,2025-09-12 14:19:27,300553.SZ,B,39.540,100
573,51,2025-09-12,2025-09-12 14:19:30,601933.SH,B,5.240,3300
574,51,2025-09-12,2025-09-12 14:19:26,601933.SH,B,5.240,700
575,58,2025-09-12,2025-09-12 14:19:18,000066.SZ,B,16.720,600
576,58,2025-09-12,2025-09-12 14:19:16,002225.SZ,B,6.020,100
577,58,2025-09-12,2025-09-12 14:19:10,300696.SZ,B,26.280,200
578,58,2025-09-12,2025-09-12 14:19:07,002126.SZ,B,36.390,100
579,58,2025-09-12,2025-09-12 14:19:07,002126.SZ,B,36.390,400
580,58,2025-09-12,2025-09-12 14:19:07,002126.SZ,B,36.380,100
581,58,2025-09-12,2025-09-12 14:19:06,002993.SZ,B,46.380,100
582,52,2025-09-12,2025-09-12 14:19:07,002126.SZ,B,36.390,200
583,49,2025-09-12,2025-09-12 14:19:05,601519.SH,B,16.170,700
584,61,2025-09-12,2025-09-12 14:19:00,301511.SZ,B,36.820,100
585,58,2025-09-12,2025-09-12 14:18:56,300499.SZ,B,29.570,100
586,58,2025-09-12,2025-09-12 14:18:56,601519.SH,B,16.170,2200
587,52,2025-09-12,2025-09-12 14:18:56,601519.SH,B,16.170,300
588,61,2025-09-12,2025-09-12 14:18:54,601519.SH,B,16.190,1400
589,58,2025-09-12,2025-09-12 14:18:53,301018.SZ,B,69.020,100
590,61,2025-09-12,2025-09-12 14:18:52,603950.SH,S,35.050,100
591,49,2025-09-12,2025-09-12 14:18:52,603950.SH,S,35.050,100
592,49,2025-09-12,2025-09-12 14:18:45,000837.SZ,S,14.350,400
593,52,2025-09-12,2025-09-12 14:18:37,688148.SH,S,6.190,200
594,59,2025-09-12,2025-09-12 14:18:37,002276.SZ,S,17.610,100
595,59,2025-09-12,2025-09-12 14:18:30,000837.SZ,S,14.350,500
596,59,2025-09-12,2025-09-12 14:18:25,300050.SZ,S,6.910,500
597,61,2025-09-12,2025-09-12 14:18:25,300050.SZ,S,6.910,1300
598,49,2025-09-12,2025-09-12 14:18:25,300050.SZ,S,6.910,400
599,58,2025-09-12,2025-09-12 14:18:22,002735.SZ,S,16.610,772
600,58,2025-09-12,2025-09-12 14:18:22,002735.SZ,S,16.610,28
601,61,2025-09-12,2025-09-12 14:18:22,002735.SZ,S,16.610,700
602,49,2025-09-12,2025-09-12 14:18:22,002735.SZ,S,16.610,272
603,49,2025-09-12,2025-09-12 14:18:22,002735.SZ,S,16.610,28
604,52,2025-09-12,2025-09-12 14:18:22,002735.SZ,S,16.610,200
605,59,2025-09-12,2025-09-12 14:18:22,002735.SZ,S,16.610,272
606,59,2025-09-12,2025-09-12 14:18:22,002735.SZ,S,16.610,28
607,58,2025-09-12,2025-09-12 14:18:22,300682.SZ,S,22.990,200
608,58,2025-09-12,2025-09-12 14:18:21,300682.SZ,S,22.990,200
609,61,2025-09-12,2025-09-12 14:18:20,002364.SZ,B,28.710,100
610,61,2025-09-12,2025-09-12 14:18:20,002364.SZ,B,28.710,100
611,61,2025-09-12,2025-09-12 14:18:18,002364.SZ,B,28.710,400
612,49,2025-09-12,2025-09-12 14:18:17,002276.SZ,S,17.610,100
613,61,2025-09-12,2025-09-12 14:18:17,002364.SZ,B,28.710,300
614,52,2025-09-12,2025-09-12 14:18:16,603185.SH,B,23.320,100
615,61,2025-09-12,2025-09-12 14:18:16,002276.SZ,S,17.610,300
616,61,2025-09-12,2025-09-12 14:18:16,002276.SZ,S,17.610,100
617,58,2025-09-12,2025-09-12 14:18:12,300050.SZ,S,6.910,1100
618,51,2025-09-12,2025-09-12 14:18:16,603158.SH,S,10.800,200
619,61,2025-09-12,2025-09-12 14:18:09,002536.SZ,S,26.200,100
620,61,2025-09-12,2025-09-12 14:18:07,605598.SH,S,25.810,200
621,58,2025-09-12,2025-09-12 14:18:07,002138.SZ,B,35.190,200
622,59,2025-09-12,2025-09-12 14:18:07,605598.SH,S,25.810,100
623,61,2025-09-12,2025-09-12 14:18:06,000837.SZ,S,14.350,200
624,61,2025-09-12,2025-09-12 14:18:06,000837.SZ,S,14.350,500
625,61,2025-09-12,2025-09-12 14:18:05,002657.SZ,S,37.960,100
626,58,2025-09-12,2025-09-12 14:18:04,300501.SZ,S,16.970,200
627,51,2025-09-12,2025-09-12 14:18:09,002326.SZ,S,17.460,300
628,52,2025-09-12,2025-09-12 14:18:04,002275.SZ,S,15.060,100
629,58,2025-09-12,2025-09-12 14:18:02,301016.SZ,S,21.040,200
630,51,2025-09-12,2025-09-12 14:18:07,002245.SZ,S,18.300,200
631,58,2025-09-12,2025-09-12 14:17:59,603159.SH,S,24.980,500
632,58,2025-09-12,2025-09-12 14:17:59,603767.SH,S,29.980,100
633,49,2025-09-12,2025-09-12 14:17:55,002364.SZ,B,28.750,300
634,58,2025-09-12,2025-09-12 14:17:54,002364.SZ,B,28.750,300
635,52,2025-09-12,2025-09-12 14:17:48,002364.SZ,B,28.760,200
636,58,2025-09-12,2025-09-12 14:17:46,002657.SZ,S,38.020,100
637,59,2025-09-12,2025-09-12 14:17:47,600480.SH,B,13.540,100
638,59,2025-09-12,2025-09-12 14:17:46,600480.SH,B,13.540,200
639,59,2025-09-12,2025-09-12 14:17:46,600480.SH,B,13.540,300
640,52,2025-09-12,2025-09-12 14:16:53,601865.SH,B,18.610,100
641,51,2025-09-12,2025-09-12 14:17:39,603538.SH,S,24.580,100
642,61,2025-09-12,2025-09-12 14:17:32,300763.SZ,S,83.300,200
643,49,2025-09-12,2025-09-12 14:17:32,300763.SZ,S,83.300,100
644,59,2025-09-12,2025-09-12 14:17:32,300763.SZ,S,83.300,100
645,58,2025-09-12,2025-09-12 14:17:30,002190.SZ,S,40.880,200
646,49,2025-09-12,2025-09-12 14:17:28,300586.SZ,S,10.980,100
647,59,2025-09-12,2025-09-12 14:17:28,300586.SZ,S,10.980,300
648,58,2025-09-12,2025-09-12 14:17:25,002886.SZ,B,23.260,100
649,52,2025-09-12,2025-09-12 14:16:17,601933.SH,B,5.240,100
650,52,2025-09-12,2025-09-12 14:16:58,002050.SZ,B,34.750,100
651,58,2025-09-12,2025-09-12 14:16:54,600292.SH,B,14.070,200
652,52,2025-09-12,2025-09-12 14:16:54,600292.SH,B,14.070,100
653,58,2025-09-12,2025-09-12 14:16:48,002245.SZ,S,18.320,200
654,52,2025-09-12,2025-09-12 14:16:48,002245.SZ,S,18.320,100
655,52,2025-09-12,2025-09-12 14:16:32,000837.SZ,S,14.360,300
656,58,2025-09-12,2025-09-12 14:16:45,000837.SZ,S,14.360,200
657,58,2025-09-12,2025-09-12 14:16:45,000837.SZ,S,14.360,1000
658,58,2025-09-12,2025-09-12 14:16:43,000837.SZ,S,14.360,200
659,51,2025-09-12,2025-09-12 14:16:48,300465.SZ,S,25.130,100
660,59,2025-09-12,2025-09-12 14:16:37,600869.SH,S,7.060,100
661,61,2025-09-12,2025-09-12 14:16:36,601865.SH,B,18.580,300
662,61,2025-09-12,2025-09-12 14:16:35,301018.SZ,B,69.050,100
663,49,2025-09-12,2025-09-12 14:16:36,601865.SH,B,18.580,300
664,61,2025-09-12,2025-09-12 14:16:36,601865.SH,B,18.580,100
665,59,2025-09-12,2025-09-12 14:16:35,601865.SH,B,18.580,100
666,59,2025-09-12,2025-09-12 14:16:35,601865.SH,B,18.580,100
667,59,2025-09-12,2025-09-12 14:16:29,601865.SH,B,18.580,100
668,61,2025-09-12,2025-09-12 14:16:28,002484.SZ,S,35.000,100
669,52,2025-09-12,2025-09-12 14:16:28,600096.SH,B,27.190,100
670,59,2025-09-12,2025-09-12 14:16:28,002484.SZ,S,35.000,100
671,58,2025-09-12,2025-09-12 14:16:27,002484.SZ,S,35.000,100
672,61,2025-09-12,2025-09-12 14:16:22,002611.SZ,B,17.820,100
673,52,2025-09-12,2025-09-12 14:16:22,600869.SH,B,7.060,200
674,58,2025-09-12,2025-09-12 14:16:21,001236.SZ,B,11.830,400
675,58,2025-09-12,2025-09-12 14:16:21,001236.SZ,B,11.830,100
676,52,2025-09-12,2025-09-12 14:16:20,001236.SZ,B,11.830,100
677,51,2025-09-12,2025-09-12 14:16:24,002177.SZ,S,7.930,100
678,51,2025-09-12,2025-09-12 14:16:24,002177.SZ,S,7.930,100
679,58,2025-09-12,2025-09-12 14:16:18,002611.SZ,B,17.830,100
680,51,2025-09-12,2025-09-12 14:16:23,301016.SZ,S,21.030,100
681,58,2025-09-12,2025-09-12 14:16:17,600203.SH,B,14.390,200
682,59,2025-09-12,2025-09-12 14:16:17,300217.SZ,S,5.990,900
683,61,2025-09-12,2025-09-12 14:16:16,300217.SZ,S,5.990,2300
684,49,2025-09-12,2025-09-12 14:16:14,600503.SH,B,3.730,100
685,49,2025-09-12,2025-09-12 14:16:14,600503.SH,B,3.730,100
686,49,2025-09-12,2025-09-12 14:16:14,600480.SH,B,13.540,300
687,49,2025-09-12,2025-09-12 14:16:14,300217.SZ,S,5.990,400
688,49,2025-09-12,2025-09-12 14:16:14,600503.SH,B,3.730,1000
689,61,2025-09-12,2025-09-12 14:13:17,600869.SH,B,7.070,600
690,61,2025-09-12,2025-09-12 14:13:17,002177.SZ,S,7.930,800
691,59,2025-09-12,2025-09-12 14:13:12,300499.SZ,B,29.530,300
692,58,2025-09-12,2025-09-12 14:13:11,300586.SZ,B,10.980,200
693,58,2025-09-12,2025-09-12 14:13:11,300586.SZ,B,10.980,100
694,61,2025-09-12,2025-09-12 14:13:07,002536.SZ,B,26.160,500
695,58,2025-09-12,2025-09-12 14:13:04,300217.SZ,B,5.990,1100
696,52,2025-09-12,2025-09-12 14:13:03,300559.SZ,S,15.410,100
697,52,2025-09-12,2025-09-12 14:12:55,002701.SZ,S,5.880,100
698,61,2025-09-12,2025-09-12 14:12:40,002536.SZ,B,26.160,200
699,51,2025-09-12,2025-09-12 14:12:23,300559.SZ,S,15.400,300
700,58,2025-09-12,2025-09-12 14:11:15,603569.SH,B,9.650,500
701,61,2025-09-12,2025-09-12 14:11:03,688658.SH,S,25.350,365
702,59,2025-09-12,2025-09-12 14:11:03,688658.SH,S,25.350,200
703,49,2025-09-12,2025-09-12 14:10:55,603569.SH,B,9.650,700
704,59,2025-09-12,2025-09-12 14:10:55,603569.SH,B,9.650,600
705,58,2025-09-12,2025-09-12 14:10:19,601865.SH,B,18.580,100
706,58,2025-09-12,2025-09-12 14:10:19,601865.SH,B,18.580,100
707,58,2025-09-12,2025-09-12 14:10:19,601865.SH,B,18.580,100
708,58,2025-09-12,2025-09-12 14:10:18,601865.SH,B,18.580,100
709,58,2025-09-12,2025-09-12 14:10:12,601865.SH,B,18.580,100
710,58,2025-09-12,2025-09-12 14:10:12,601865.SH,B,18.580,100
711,61,2025-09-12,2025-09-12 14:09:48,603669.SH,S,6.050,100
712,61,2025-09-12,2025-09-12 14:09:48,603669.SH,S,6.050,600
713,61,2025-09-12,2025-09-12 14:09:39,600026.SH,S,12.110,100
714,49,2025-09-12,2025-09-12 14:09:39,002225.SZ,S,6.020,100
715,61,2025-09-12,2025-09-12 14:09:39,002225.SZ,S,6.020,300
716,49,2025-09-12,2025-09-12 14:09:39,600026.SH,S,12.110,100
717,59,2025-09-12,2025-09-12 14:09:39,002225.SZ,S,6.020,100
718,59,2025-09-12,2025-09-12 14:09:39,002225.SZ,S,6.020,200
719,52,2025-09-12,2025-09-12 14:09:13,300498.SZ,B,19.510,100
720,59,2025-09-12,2025-09-12 14:09:29,300586.SZ,B,10.960,600
721,52,2025-09-12,2025-09-12 14:08:47,603950.SH,S,34.740,100
722,52,2025-09-12,2025-09-12 14:07:36,601003.SH,S,5.890,100
723,61,2025-09-12,2025-09-12 14:08:26,300591.SZ,B,10.030,400
724,52,2025-09-12,2025-09-12 14:08:17,603569.SH,B,9.670,200
725,61,2025-09-12,2025-09-12 14:08:03,603121.SH,B,17.290,200
726,52,2025-09-12,2025-09-12 14:07:57,601766.SH,B,7.720,100
727,52,2025-09-12,2025-09-12 14:08:00,002225.SZ,B,6.020,100
728,61,2025-09-12,2025-09-12 14:07:45,600452.SH,B,10.260,200
729,52,2025-09-12,2025-09-12 14:06:52,002275.SZ,B,15.060,100
730,52,2025-09-12,2025-09-12 14:01:17,600252.SH,S,2.780,100
731,61,2025-09-12,2025-09-12 14:06:41,300217.SZ,B,5.990,800
732,58,2025-09-12,2025-09-12 14:06:39,603669.SH,S,6.050,600
733,58,2025-09-12,2025-09-12 14:06:41,300217.SZ,B,5.990,1100
734,52,2025-09-12,2025-09-12 14:06:23,300217.SZ,B,5.990,300
735,59,2025-09-12,2025-09-12 14:06:40,300217.SZ,B,5.990,1300
736,61,2025-09-12,2025-09-12 14:06:39,300217.SZ,B,5.990,2700
737,49,2025-09-12,2025-09-12 14:06:39,300217.SZ,B,5.990,700
738,51,2025-09-12,2025-09-12 14:06:38,603950.SH,S,34.680,100
739,51,2025-09-12,2025-09-12 14:06:37,603950.SH,S,34.680,100
740,52,2025-09-12,2025-09-12 14:05:58,688221.SH,S,15.710,200
741,61,2025-09-12,2025-09-12 14:05:46,301321.SZ,S,17.690,100
742,61,2025-09-12,2025-09-12 14:05:45,300364.SZ,S,27.690,100
743,61,2025-09-12,2025-09-12 14:05:43,603669.SH,S,6.070,1100
744,61,2025-09-12,2025-09-12 14:05:42,002625.SZ,B,47.200,200
745,61,2025-09-12,2025-09-12 14:05:40,603669.SH,S,6.060,1400
746,49,2025-09-12,2025-09-12 14:05:40,603669.SH,S,6.060,1000
747,59,2025-09-12,2025-09-12 14:05:40,603669.SH,S,6.060,1200
748,51,2025-09-12,2025-09-12 14:05:41,605050.SH,S,20.120,100
749,61,2025-09-12,2025-09-12 14:05:27,002657.SZ,S,38.050,100
750,49,2025-09-12,2025-09-12 14:05:27,002657.SZ,S,38.050,100
751,59,2025-09-12,2025-09-12 14:05:27,002657.SZ,S,38.050,100
752,58,2025-09-12,2025-09-12 14:05:27,603569.SH,B,9.660,500
753,58,2025-09-12,2025-09-12 14:05:27,603569.SH,B,9.660,100
754,51,2025-09-12,2025-09-12 14:05:30,300559.SZ,S,15.520,300
755,61,2025-09-12,2025-09-12 14:05:09,000709.SZ,B,2.510,200
756,58,2025-09-12,2025-09-12 14:04:58,002020.SZ,S,19.730,100
757,52,2025-09-12,2025-09-12 14:04:19,600869.SH,B,7.080,100
758,58,2025-09-12,2025-09-12 14:04:28,600869.SH,B,7.080,200
759,58,2025-09-12,2025-09-12 14:04:28,600869.SH,B,7.080,100
760,58,2025-09-12,2025-09-12 14:04:28,600869.SH,B,7.080,200
761,58,2025-09-12,2025-09-12 14:04:28,600869.SH,B,7.080,100
762,58,2025-09-12,2025-09-12 14:04:28,600869.SH,B,7.080,200
763,58,2025-09-12,2025-09-12 14:04:28,600869.SH,B,7.080,100
764,58,2025-09-12,2025-09-12 14:04:28,600869.SH,B,7.080,100
765,58,2025-09-12,2025-09-12 14:04:28,600869.SH,B,7.080,100
766,52,2025-09-12,2025-09-12 14:03:31,601600.SH,S,8.020,500
767,49,2025-09-12,2025-09-12 14:03:52,300586.SZ,B,10.960,300
768,52,2025-09-12,2025-09-12 14:03:50,002625.SZ,B,47.180,100
769,52,2025-09-12,2025-09-12 14:03:47,002843.SZ,B,23.330,100
770,61,2025-09-12,2025-09-12 14:03:45,002843.SZ,B,23.330,200
771,58,2025-09-12,2025-09-12 14:03:14,300586.SZ,B,10.960,800
772,52,2025-09-12,2025-09-12 14:03:14,300586.SZ,B,10.960,100
773,59,2025-09-12,2025-09-12 14:03:13,300683.SZ,S,42.510,100
774,59,2025-09-12,2025-09-12 14:03:10,002177.SZ,S,7.950,700
775,49,2025-09-12,2025-09-12 14:03:10,002177.SZ,S,7.950,300
776,49,2025-09-12,2025-09-12 14:03:10,002177.SZ,S,7.950,100
777,49,2025-09-12,2025-09-12 14:03:10,002177.SZ,S,7.950,300
778,61,2025-09-12,2025-09-12 14:03:04,002456.SZ,S,13.430,200
779,59,2025-09-12,2025-09-12 14:03:01,002020.SZ,S,19.670,100
780,49,2025-09-12,2025-09-12 14:03:00,002020.SZ,S,19.670,100
781,61,2025-09-12,2025-09-12 14:03:00,002020.SZ,S,19.670,100
782,58,2025-09-12,2025-09-12 14:03:01,300683.SZ,S,42.510,200
783,58,2025-09-12,2025-09-12 14:02:52,605598.SH,S,25.710,100
784,61,2025-09-12,2025-09-12 14:02:44,601865.SH,B,18.570,100
785,61,2025-09-12,2025-09-12 14:02:42,601865.SH,B,18.570,100
786,61,2025-09-12,2025-09-12 14:02:42,601865.SH,B,18.570,100
787,61,2025-09-12,2025-09-12 14:02:42,601865.SH,B,18.570,200
788,61,2025-09-12,2025-09-12 14:02:39,002177.SZ,S,7.960,1200
789,58,2025-09-12,2025-09-12 14:02:34,688221.SH,S,15.710,304
790,49,2025-09-12,2025-09-12 14:02:34,600869.SH,B,7.080,700
791,61,2025-09-12,2025-09-12 14:02:34,600869.SH,B,7.080,1000
792,59,2025-09-12,2025-09-12 14:02:34,600869.SH,B,7.080,600
793,51,2025-09-12,2025-09-12 14:02:39,300792.SZ,S,31.130,100
794,61,2025-09-12,2025-09-12 14:02:33,600392.SH,S,22.820,100
795,61,2025-09-12,2025-09-12 14:02:26,002232.SZ,S,22.490,100
796,58,2025-09-12,2025-09-12 14:02:25,688658.SH,S,25.340,216
797,61,2025-09-12,2025-09-12 14:02:17,600203.SH,S,14.400,200
798,61,2025-09-12,2025-09-12 14:02:17,688262.SH,S,30.200,200
799,51,2025-09-12,2025-09-12 14:02:21,601600.SH,S,8.020,400
800,51,2025-09-12,2025-09-12 14:02:21,601600.SH,S,8.020,100
801,61,2025-09-12,2025-09-12 14:02:11,600166.SH,B,2.830,200
802,61,2025-09-12,2025-09-12 14:02:11,605598.SH,S,25.740,100
803,49,2025-09-12,2025-09-12 14:02:10,605598.SH,S,25.740,100
804,61,2025-09-12,2025-09-12 14:02:05,002651.SZ,B,11.840,700
805,59,2025-09-12,2025-09-12 14:02:03,603161.SH,S,13.450,100
806,61,2025-09-12,2025-09-12 14:02:03,688221.SH,S,15.740,319
807,58,2025-09-12,2025-09-12 14:02:03,301321.SZ,S,17.620,100
808,59,2025-09-12,2025-09-12 14:02:03,688221.SH,S,15.740,200
809,51,2025-09-12,2025-09-12 14:02:06,601311.SH,S,10.920,100
810,58,2025-09-12,2025-09-12 14:02:00,603161.SH,S,13.450,100
811,51,2025-09-12,2025-09-12 14:02:05,603538.SH,S,24.630,100
812,58,2025-09-12,2025-09-12 14:01:54,603669.SH,S,6.050,2500
813,52,2025-09-12,2025-09-12 14:01:45,603669.SH,S,6.050,700
814,49,2025-09-12,2025-09-12 14:01:49,002651.SZ,B,11.840,300
815,52,2025-09-12,2025-09-12 14:01:33,002364.SZ,B,28.780,100
816,58,2025-09-12,2025-09-12 14:01:43,002232.SZ,S,22.560,100
817,58,2025-09-12,2025-09-12 14:01:42,601865.SH,B,18.590,500
818,61,2025-09-12,2025-09-12 14:01:40,300683.SZ,S,42.800,300
819,49,2025-09-12,2025-09-12 14:01:40,300683.SZ,S,42.800,100
820,49,2025-09-12,2025-09-12 14:01:34,300499.SZ,B,29.610,300
821,51,2025-09-12,2025-09-12 14:01:34,603669.SH,S,6.080,500
822,51,2025-09-12,2025-09-12 14:01:33,603669.SH,S,6.080,200
823,52,2025-09-12,2025-09-12 14:01:26,601865.SH,B,18.580,100
824,52,2025-09-12,2025-09-12 14:01:25,300499.SZ,B,29.600,100
825,58,2025-09-12,2025-09-12 14:01:25,002651.SZ,B,11.850,200
826,58,2025-09-12,2025-09-12 14:01:25,002651.SZ,B,11.850,200
827,58,2025-09-12,2025-09-12 14:01:25,002651.SZ,B,11.850,400
828,52,2025-09-12,2025-09-12 14:01:16,000709.SZ,B,2.510,100
829,52,2025-09-12,2025-09-12 14:01:21,002651.SZ,B,11.850,100
830,58,2025-09-12,2025-09-12 14:01:18,002177.SZ,S,7.960,600
831,58,2025-09-12,2025-09-12 14:01:18,002177.SZ,S,7.960,100
832,58,2025-09-12,2025-09-12 14:01:18,002177.SZ,S,7.960,700
833,58,2025-09-12,2025-09-12 14:01:18,002651.SZ,B,11.850,100
834,58,2025-09-12,2025-09-12 14:01:18,002651.SZ,B,11.850,100
835,58,2025-09-12,2025-09-12 14:01:18,002651.SZ,B,11.850,100
836,51,2025-09-12,2025-09-12 14:01:23,300498.SZ,B,19.530,2200
837,52,2025-09-12,2025-09-12 14:01:17,000837.SZ,S,14.350,100
838,52,2025-09-12,2025-09-12 14:01:16,002177.SZ,S,7.960,500
839,58,2025-09-12,2025-09-12 14:01:16,300218.SZ,S,20.260,100
840,58,2025-09-12,2025-09-12 14:01:15,002177.SZ,S,7.960,600
841,58,2025-09-12,2025-09-12 14:01:15,002657.SZ,S,38.000,100
842,51,2025-09-12,2025-09-12 14:01:18,002177.SZ,S,7.960,300
843,51,2025-09-12,2025-09-12 14:01:18,000837.SZ,S,14.350,500
844,59,2025-09-12,2025-09-12 13:58:30,601975.SH,S,3.300,100
845,61,2025-09-12,2025-09-12 13:58:30,000402.SZ,S,3.300,100
846,52,2025-09-12,2025-09-12 13:58:29,600252.SH,B,2.790,100
847,58,2025-09-12,2025-09-12 13:58:16,600586.SH,S,5.240,700
848,61,2025-09-12,2025-09-12 13:58:13,002459.SZ,B,13.350,300
849,61,2025-09-12,2025-09-12 13:58:07,002459.SZ,B,13.350,300
850,58,2025-09-12,2025-09-12 13:58:07,002459.SZ,B,13.350,500
851,58,2025-09-12,2025-09-12 13:58:06,300328.SZ,B,17.900,200
852,59,2025-09-12,2025-09-12 13:58:07,002536.SZ,B,26.270,300
853,51,2025-09-12,2025-09-12 13:58:09,002735.SZ,S,16.670,200
854,61,2025-09-12,2025-09-12 13:58:02,688612.SH,B,40.010,85
855,61,2025-09-12,2025-09-12 13:57:59,688612.SH,B,40.010,115
856,61,2025-09-12,2025-09-12 13:57:57,300218.SZ,S,20.290,100
857,58,2025-09-12,2025-09-12 13:57:40,002364.SZ,B,28.810,200
858,52,2025-09-12,2025-09-12 13:56:15,002925.SZ,B,17.730,100
859,49,2025-09-12,2025-09-12 13:57:13,301321.SZ,S,17.660,200
860,61,2025-09-12,2025-09-12 13:57:13,301321.SZ,S,17.660,400
861,59,2025-09-12,2025-09-12 13:57:12,301321.SZ,S,17.660,200
862,58,2025-09-12,2025-09-12 13:57:02,600026.SH,S,12.180,1200
863,52,2025-09-12,2025-09-12 13:56:49,600026.SH,S,12.180,400
864,49,2025-09-12,2025-09-12 13:56:43,002625.SZ,B,47.280,100
865,58,2025-09-12,2025-09-12 13:56:29,002625.SZ,B,47.270,200
866,61,2025-09-12,2025-09-12 13:56:05,603929.SH,B,42.730,100
867,61,2025-09-12,2025-09-12 13:56:03,688428.SH,S,30.050,200
868,58,2025-09-12,2025-09-12 13:55:28,688428.SH,S,30.090,208
869,58,2025-09-12,2025-09-12 13:55:09,002459.SZ,B,13.350,300
870,52,2025-09-12,2025-09-12 13:55:08,002459.SZ,B,13.350,100
871,59,2025-09-12,2025-09-12 13:54:57,002138.SZ,B,35.470,500
872,58,2025-09-12,2025-09-12 13:54:56,300683.SZ,S,42.960,100
873,52,2025-09-12,2025-09-12 13:54:37,300498.SZ,B,19.550,200
874,58,2025-09-12,2025-09-12 13:54:32,600586.SH,S,5.250,2600
875,61,2025-09-12,2025-09-12 13:54:32,600586.SH,S,5.250,700
876,49,2025-09-12,2025-09-12 13:54:32,600586.SH,S,5.250,600
877,59,2025-09-12,2025-09-12 13:54:32,600586.SH,S,5.250,1000
878,58,2025-09-12,2025-09-12 13:54:11,300217.SZ,S,6.000,500
879,58,2025-09-12,2025-09-12 13:54:11,300217.SZ,S,6.000,600
880,58,2025-09-12,2025-09-12 13:53:58,301321.SZ,S,17.680,200
881,58,2025-09-12,2025-09-12 13:53:58,301321.SZ,S,17.680,200
882,61,2025-09-12,2025-09-12 13:53:58,600653.SH,S,2.250,100
883,52,2025-09-12,2025-09-12 13:53:58,301321.SZ,S,17.680,100
884,51,2025-09-12,2025-09-12 13:53:23,300192.SZ,S,19.550,100
885,52,2025-09-12,2025-09-12 13:51:38,601003.SH,B,5.910,100
886,61,2025-09-12,2025-09-12 13:52:49,688612.SH,B,40.040,200
887,58,2025-09-12,2025-09-12 13:52:44,688098.SH,S,12.110,350
888,51,2025-09-12,2025-09-12 13:52:44,002736.SZ,B,14.160,300
889,61,2025-09-12,2025-09-12 13:52:37,002667.SZ,S,12.740,400
890,52,2025-09-12,2025-09-12 13:52:09,601669.SH,B,5.750,100
891,52,2025-09-12,2025-09-12 13:50:19,600319.SH,B,8.120,100
892,61,2025-09-12,2025-09-12 13:52:10,688612.SH,B,40.060,200
893,58,2025-09-12,2025-09-12 13:52:04,002354.SZ,B,7.350,400
894,52,2025-09-12,2025-09-12 13:51:59,601311.SH,S,10.940,100
895,49,2025-09-12,2025-09-12 13:51:56,300217.SZ,S,6.020,100
896,61,2025-09-12,2025-09-12 13:51:56,300217.SZ,S,6.020,900
897,59,2025-09-12,2025-09-12 13:51:56,300217.SZ,S,6.020,300
898,58,2025-09-12,2025-09-12 13:51:46,603161.SH,S,13.500,100
899,51,2025-09-12,2025-09-12 13:51:27,002735.SZ,S,16.710,300
900,51,2025-09-12,2025-09-12 13:51:25,002735.SZ,S,16.710,100
901,59,2025-09-12,2025-09-12 13:51:14,300009.SZ,S,10.830,100
902,58,2025-09-12,2025-09-12 13:51:08,002364.SZ,B,28.880,300
903,61,2025-09-12,2025-09-12 13:51:05,600867.SH,S,8.420,100
904,58,2025-09-12,2025-09-12 13:50:59,300683.SZ,S,43.170,200
905,49,2025-09-12,2025-09-12 13:50:54,603161.SH,S,13.480,100
906,61,2025-09-12,2025-09-12 13:50:54,603161.SH,S,13.480,100
907,58,2025-09-12,2025-09-12 13:50:55,688428.SH,S,30.170,200
908,51,2025-09-12,2025-09-12 13:50:54,605033.SH,S,23.940,100
909,61,2025-09-12,2025-09-12 13:50:46,002225.SZ,B,6.040,800
910,49,2025-09-12,2025-09-12 13:50:46,002225.SZ,B,6.040,300
911,58,2025-09-12,2025-09-12 13:50:46,002225.SZ,B,6.040,400
912,59,2025-09-12,2025-09-12 13:50:46,002225.SZ,B,6.040,500
913,52,2025-09-12,2025-09-12 13:50:12,002225.SZ,B,6.040,100
914,61,2025-09-12,2025-09-12 13:50:40,600203.SH,B,14.440,600
915,61,2025-09-12,2025-09-12 13:50:39,688428.SH,S,30.220,285
916,49,2025-09-12,2025-09-12 13:50:37,002459.SZ,B,13.360,300
917,52,2025-09-12,2025-09-12 13:50:06,002065.SZ,B,10.570,100
918,52,2025-09-12,2025-09-12 13:50:18,002414.SZ,B,11.500,100
919,52,2025-09-12,2025-09-12 13:50:17,600392.SH,B,22.940,100
920,52,2025-09-12,2025-09-12 13:50:17,002536.SZ,B,26.260,100
921,58,2025-09-12,2025-09-12 13:50:15,300328.SZ,B,17.920,200
922,58,2025-09-12,2025-09-12 13:50:16,002536.SZ,B,26.250,400
923,51,2025-09-12,2025-09-12 13:50:21,002414.SZ,B,11.500,300
924,61,2025-09-12,2025-09-12 13:50:15,600392.SH,B,22.930,400
925,59,2025-09-12,2025-09-12 13:50:11,002536.SZ,B,26.260,200
926,61,2025-09-12,2025-09-12 13:50:11,688262.SH,B,30.380,200
927,61,2025-09-12,2025-09-12 13:50:10,002536.SZ,B,26.260,200
928,51,2025-09-12,2025-09-12 13:50:15,002517.SZ,B,24.080,100
929,51,2025-09-12,2025-09-12 13:50:14,603806.SH,B,16.560,300
930,51,2025-09-12,2025-09-12 13:50:12,002517.SZ,B,24.080,200
931,61,2025-09-12,2025-09-12 13:50:05,600319.SH,B,8.120,400
932,61,2025-09-12,2025-09-12 13:50:04,300684.SZ,B,36.090,100
933,61,2025-09-12,2025-09-12 13:50:05,600319.SH,B,8.120,200
934,61,2025-09-12,2025-09-12 13:50:04,300684.SZ,B,36.080,100
935,58,2025-09-12,2025-09-12 13:50:03,600176.SH,B,15.650,400
936,58,2025-09-12,2025-09-12 13:50:01,002792.SZ,B,17.020,400
937,61,2025-09-12,2025-09-12 13:49:59,603929.SH,B,42.860,100
938,52,2025-09-12,2025-09-12 13:49:42,688658.SH,S,25.440,200
939,61,2025-09-12,2025-09-12 13:49:41,002886.SZ,B,23.310,300
940,59,2025-09-12,2025-09-12 13:49:40,002364.SZ,B,28.790,100
941,59,2025-09-12,2025-09-12 13:49:39,002364.SZ,B,28.790,200
942,59,2025-09-12,2025-09-12 13:49:37,002364.SZ,B,28.790,200
943,58,2025-09-12,2025-09-12 13:49:36,300218.SZ,B,20.260,100
944,52,2025-09-12,2025-09-12 13:46:17,600820.SH,B,6.630,100
945,61,2025-09-12,2025-09-12 13:49:28,300398.SZ,S,23.100,200
946,58,2025-09-12,2025-09-12 13:49:26,300218.SZ,B,20.260,300
947,61,2025-09-12,2025-09-12 13:49:14,002625.SZ,B,47.380,300
948,58,2025-09-12,2025-09-12 13:49:13,300398.SZ,S,23.110,200
949,52,2025-09-12,2025-09-12 13:49:10,002736.SZ,B,14.150,100
950,52,2025-09-12,2025-09-12 13:49:09,002245.SZ,S,18.230,100
951,51,2025-09-12,2025-09-12 13:49:14,002245.SZ,S,18.230,100
952,51,2025-09-12,2025-09-12 13:49:09,600026.SH,S,12.190,400
953,52,2025-09-12,2025-09-12 13:48:35,601600.SH,B,8.060,1100
954,58,2025-09-12,2025-09-12 13:48:57,002020.SZ,S,19.930,200
955,52,2025-09-12,2025-09-12 13:48:57,002020.SZ,S,19.930,100
956,52,2025-09-12,2025-09-12 13:48:54,000600.SZ,S,7.790,100
957,49,2025-09-12,2025-09-12 13:48:50,002020.SZ,S,19.960,100
958,59,2025-09-12,2025-09-12 13:48:49,002020.SZ,S,19.960,100
959,61,2025-09-12,2025-09-12 13:48:49,002020.SZ,S,19.960,300
960,49,2025-09-12,2025-09-12 13:48:39,600319.SH,B,8.110,300
961,61,2025-09-12,2025-09-12 13:48:39,600319.SH,B,8.110,600
962,59,2025-09-12,2025-09-12 13:48:39,600319.SH,B,8.110,500
963,61,2025-09-12,2025-09-12 13:48:24,300731.SZ,B,47.070,100
964,61,2025-09-12,2025-09-12 13:48:24,300731.SZ,B,47.070,100
965,58,2025-09-12,2025-09-12 13:48:19,002364.SZ,B,28.800,300
966,61,2025-09-12,2025-09-12 13:48:19,603590.SH,S,54.450,100
967,61,2025-09-12,2025-09-12 13:48:05,002287.SZ,S,27.770,100
968,61,2025-09-12,2025-09-12 13:48:04,000959.SZ,S,4.550,100
969,59,2025-09-12,2025-09-12 13:48:04,000959.SZ,S,4.550,100
970,52,2025-09-12,2025-09-12 13:47:22,000959.SZ,S,4.550,100
971,49,2025-09-12,2025-09-12 13:48:01,688428.SH,S,29.930,346
972,61,2025-09-12,2025-09-12 13:48:01,688428.SH,S,29.930,200
973,59,2025-09-12,2025-09-12 13:48:01,688428.SH,S,29.930,312
974,61,2025-09-12,2025-09-12 13:48:00,603306.SH,S,50.170,200
975,51,2025-09-12,2025-09-12 13:48:05,002657.SZ,S,38.180,200
976,61,2025-09-12,2025-09-12 13:47:56,688428.SH,S,29.830,200
977,58,2025-09-12,2025-09-12 13:47:52,300499.SZ,B,29.780,400
978,58,2025-09-12,2025-09-12 13:47:50,603590.SH,S,54.390,100
979,61,2025-09-12,2025-09-12 13:47:48,300850.SZ,B,36.700,200
980,61,2025-09-12,2025-09-12 13:47:37,688428.SH,S,29.960,200
981,61,2025-09-12,2025-09-12 13:47:36,003010.SZ,B,58.090,200
982,61,2025-09-12,2025-09-12 13:47:33,688262.SH,B,30.360,200
983,52,2025-09-12,2025-09-12 13:46:24,002015.SZ,B,12.150,100
984,59,2025-09-12,2025-09-12 13:47:17,601089.SH,S,23.660,100
985,49,2025-09-12,2025-09-12 13:47:17,601089.SH,S,23.660,100
986,52,2025-09-12,2025-09-12 13:47:12,002735.SZ,S,16.730,100
987,52,2025-09-12,2025-09-12 13:47:12,002735.SZ,S,16.730,100
988,51,2025-09-12,2025-09-12 13:47:16,688428.SH,S,29.680,232
989,58,2025-09-12,2025-09-12 13:47:11,688428.SH,S,29.650,82
990,58,2025-09-12,2025-09-12 13:47:11,688428.SH,S,29.650,118
991,58,2025-09-12,2025-09-12 13:47:11,688428.SH,S,29.680,200
992,59,2025-09-12,2025-09-12 13:47:08,600026.SH,S,12.200,400
993,61,2025-09-12,2025-09-12 13:47:08,600026.SH,S,12.200,600
994,61,2025-09-12,2025-09-12 13:47:08,600026.SH,S,12.200,100
995,61,2025-09-12,2025-09-12 13:47:08,600026.SH,S,12.200,300
996,61,2025-09-12,2025-09-12 13:47:08,600026.SH,S,12.200,100
997,49,2025-09-12,2025-09-12 13:47:08,600026.SH,S,12.200,300
998,61,2025-09-12,2025-09-12 13:47:08,600026.SH,S,12.200,100
999,52,2025-09-12,2025-09-12 13:46:18,002667.SZ,S,12.870,100
1000,61,2025-09-12,2025-09-12 13:47:06,301030.SZ,S,15.950,200
1001,52,2025-09-12,2025-09-12 13:47:04,002657.SZ,S,38.190,100
1002,58,2025-09-12,2025-09-12 13:47:02,002667.SZ,S,12.840,100
1003,58,2025-09-12,2025-09-12 13:47:02,002667.SZ,S,12.840,600
1004,61,2025-09-12,2025-09-12 13:46:49,300683.SZ,S,42.260,400
1005,49,2025-09-12,2025-09-12 13:46:50,002364.SZ,B,28.840,300
1006,49,2025-09-12,2025-09-12 13:46:49,300683.SZ,S,42.260,100
1007,59,2025-09-12,2025-09-12 13:46:49,300683.SZ,S,42.260,200
1008,51,2025-09-12,2025-09-12 13:46:52,002177.SZ,S,7.980,200
1009,51,2025-09-12,2025-09-12 13:46:49,300792.SZ,S,31.260,100
1010,51,2025-09-12,2025-09-12 13:46:48,688098.SH,S,12.210,291
1011,51,2025-09-12,2025-09-12 13:46:47,002020.SZ,S,19.810,100
1012,58,2025-09-12,2025-09-12 13:46:39,603089.SH,B,16.390,400
1013,49,2025-09-12,2025-09-12 13:46:37,688098.SH,S,12.200,157
1014,61,2025-09-12,2025-09-12 13:46:37,688098.SH,S,12.200,1009
1015,49,2025-09-12,2025-09-12 13:46:37,688098.SH,S,12.210,153
1016,59,2025-09-12,2025-09-12 13:46:37,688098.SH,S,12.210,372
1017,58,2025-09-12,2025-09-12 13:46:37,688098.SH,S,12.210,200
1018,61,2025-09-12,2025-09-12 13:46:33,603089.SH,S,16.400,100
1019,59,2025-09-12,2025-09-12 13:46:33,002082.SZ,S,10.630,100
1020,58,2025-09-12,2025-09-12 13:46:33,002082.SZ,S,10.630,400
1021,58,2025-09-12,2025-09-12 13:46:31,688098.SH,S,12.210,400
1022,61,2025-09-12,2025-09-12 13:46:33,002082.SZ,S,10.630,500
1023,49,2025-09-12,2025-09-12 13:46:33,002082.SZ,S,10.630,100
1024,52,2025-09-12,2025-09-12 13:46:30,002082.SZ,S,10.640,100
1025,52,2025-09-12,2025-09-12 13:46:31,688098.SH,S,12.200,369
1026,51,2025-09-12,2025-09-12 13:46:35,002082.SZ,S,10.640,300
1027,51,2025-09-12,2025-09-12 13:46:32,300403.SZ,S,16.700,200
1028,58,2025-09-12,2025-09-12 13:46:26,300683.SZ,S,42.380,200
1029,52,2025-09-12,2025-09-12 13:46:19,300683.SZ,S,42.380,100
1030,58,2025-09-12,2025-09-12 13:46:22,002625.SZ,B,47.330,100
1031,52,2025-09-12,2025-09-12 13:46:17,002625.SZ,B,47.330,100
1032,59,2025-09-12,2025-09-12 13:46:16,002667.SZ,S,12.850,300
1033,58,2025-09-12,2025-09-12 13:46:15,002734.SZ,B,19.690,100
1034,58,2025-09-12,2025-09-12 13:46:15,002734.SZ,B,19.690,200
1035,58,2025-09-12,2025-09-12 13:46:15,002625.SZ,B,47.330,100
1036,58,2025-09-12,2025-09-12 13:46:15,002734.SZ,B,19.690,100
1037,49,2025-09-12,2025-09-12 13:46:16,002667.SZ,S,12.850,100
1038,49,2025-09-12,2025-09-12 13:46:16,002667.SZ,S,12.850,100
1039,49,2025-09-12,2025-09-12 13:46:15,600319.SH,B,8.110,400
1040,49,2025-09-12,2025-09-12 13:46:15,002625.SZ,B,47.330,200
1041,49,2025-09-12,2025-09-12 13:46:15,601818.SH,S,3.630,100
1042,51,2025-09-12,2025-09-12 13:46:20,601600.SH,B,8.060,3300
1043,61,2025-09-12,2025-09-12 13:46:14,002667.SZ,S,12.850,400
1044,51,2025-09-12,2025-09-12 13:46:17,002065.SZ,B,10.570,600
1045,58,2025-09-12,2025-09-12 13:43:16,600586.SH,B,5.260,1100
1046,58,2025-09-12,2025-09-12 13:43:15,600869.SH,S,7.110,200
1047,58,2025-09-12,2025-09-12 13:43:15,600869.SH,S,7.110,300
1048,58,2025-09-12,2025-09-12 13:43:13,600586.SH,B,5.260,1600
1049,58,2025-09-12,2025-09-12 13:43:07,300217.SZ,B,6.030,400
1050,58,2025-09-12,2025-09-12 13:43:07,300217.SZ,B,6.030,400
1051,61,2025-09-12,2025-09-12 13:43:07,300261.SZ,S,7.410,100
1052,61,2025-09-12,2025-09-12 13:43:07,000597.SZ,S,5.700,100
1053,52,2025-09-12,2025-09-12 13:43:07,000600.SZ,B,7.780,100
1054,52,2025-09-12,2025-09-12 13:42:42,002925.SZ,S,17.750,100
1055,52,2025-09-12,2025-09-12 13:42:56,002701.SZ,B,5.890,100
1056,51,2025-09-12,2025-09-12 13:42:57,002129.SZ,S,8.540,300
1057,52,2025-09-12,2025-09-12 13:40:07,300498.SZ,B,19.580,100
1058,58,2025-09-12,2025-09-12 13:42:25,300591.SZ,B,10.110,700
1059,49,2025-09-12,2025-09-12 13:41:43,002206.SZ,S,6.350,100
1060,52,2025-09-12,2025-09-12 13:40:38,301148.SZ,S,27.690,100
1061,61,2025-09-12,2025-09-12 13:40:27,603089.SH,B,16.390,100
1062,61,2025-09-12,2025-09-12 13:40:27,603089.SH,B,16.390,400
1063,61,2025-09-12,2025-09-12 13:40:07,603306.SH,B,50.260,100
1064,61,2025-09-12,2025-09-12 13:39:57,603306.SH,B,50.260,100
1065,51,2025-09-12,2025-09-12 13:39:58,300498.SZ,B,19.580,200
1066,61,2025-09-12,2025-09-12 13:39:46,300121.SZ,S,15.720,200
1067,61,2025-09-12,2025-09-12 13:39:46,300121.SZ,S,15.720,100
1068,61,2025-09-12,2025-09-12 13:39:38,002734.SZ,S,19.560,400
1069,52,2025-09-12,2025-09-12 13:39:16,601669.SH,S,5.750,100
1070,52,2025-09-12,2025-09-12 13:35:40,600319.SH,B,8.110,200
1071,61,2025-09-12,2025-09-12 13:38:37,600653.SH,S,2.260,200
1072,52,2025-09-12,2025-09-12 13:31:18,002303.SZ,B,4.290,100
1073,51,2025-09-12,2025-09-12 13:38:20,002195.SZ,B,8.170,600
1074,61,2025-09-12,2025-09-12 13:38:04,300398.SZ,S,23.070,200
1075,61,2025-09-12,2025-09-12 13:37:51,603306.SH,B,50.280,100
1076,61,2025-09-12,2025-09-12 13:37:28,603306.SH,B,50.280,100
1077,58,2025-09-12,2025-09-12 13:37:27,300217.SZ,B,6.020,800
1078,52,2025-09-12,2025-09-12 13:36:23,300217.SZ,B,6.020,100
1079,59,2025-09-12,2025-09-12 13:37:16,300355.SZ,S,4.760,500
1080,52,2025-09-12,2025-09-12 13:37:08,300355.SZ,S,4.760,400
1081,49,2025-09-12,2025-09-12 13:37:13,300355.SZ,S,4.760,400
1082,61,2025-09-12,2025-09-12 13:37:13,300355.SZ,S,4.760,1400
1083,58,2025-09-12,2025-09-12 13:36:54,300591.SZ,B,10.110,900
1084,58,2025-09-12,2025-09-12 13:36:53,300591.SZ,B,10.110,200
1085,51,2025-09-12,2025-09-12 13:36:52,600487.SH,S,20.660,400
1086,59,2025-09-12,2025-09-12 13:36:44,300591.SZ,B,10.110,500
1087,61,2025-09-12,2025-09-12 13:36:32,300609.SZ,B,46.220,100
1088,59,2025-09-12,2025-09-12 13:36:31,300609.SZ,B,46.220,200
1089,58,2025-09-12,2025-09-12 13:36:28,600869.SH,S,7.110,800
1090,49,2025-09-12,2025-09-12 13:36:25,300092.SZ,B,18.220,300
1091,49,2025-09-12,2025-09-12 13:36:22,300009.SZ,S,10.750,100
1092,61,2025-09-12,2025-09-12 13:36:21,002258.SZ,S,12.600,100
1093,58,2025-09-12,2025-09-12 13:36:22,603367.SH,S,22.630,100
1094,51,2025-09-12,2025-09-12 13:36:18,002298.SZ,S,10.370,200
1095,52,2025-09-12,2025-09-12 13:35:49,002755.SZ,S,22.520,100
1096,52,2025-09-12,2025-09-12 13:36:00,002298.SZ,S,10.360,200
1097,58,2025-09-12,2025-09-12 13:35:58,002298.SZ,S,10.370,700
1098,51,2025-09-12,2025-09-12 13:35:57,301148.SZ,S,27.710,200
1099,61,2025-09-12,2025-09-12 13:35:50,301257.SZ,S,49.590,100
1100,61,2025-09-12,2025-09-12 13:35:46,300218.SZ,B,20.310,400
1101,51,2025-09-12,2025-09-12 13:35:45,002459.SZ,B,13.310,500
1102,51,2025-09-12,2025-09-12 13:35:39,300498.SZ,B,19.590,800
1103,59,2025-09-12,2025-09-12 13:35:32,002298.SZ,S,10.370,300
1104,61,2025-09-12,2025-09-12 13:35:32,002298.SZ,S,10.370,200
1105,49,2025-09-12,2025-09-12 13:35:32,002298.SZ,S,10.370,200
1106,61,2025-09-12,2025-09-12 13:35:32,300609.SZ,B,46.200,100
1107,61,2025-09-12,2025-09-12 13:35:32,002298.SZ,S,10.370,600
1108,61,2025-09-12,2025-09-12 13:35:31,300121.SZ,S,15.780,400
1109,59,2025-09-12,2025-09-12 13:35:28,002651.SZ,B,11.900,500
1110,51,2025-09-12,2025-09-12 13:35:25,002008.SZ,S,38.770,100
1111,52,2025-09-12,2025-09-12 13:35:00,603089.SH,B,16.380,100
1112,49,2025-09-12,2025-09-12 13:34:56,300591.SZ,B,10.050,300
1113,52,2025-09-12,2025-09-12 13:34:34,300003.SZ,S,18.850,100
1114,52,2025-09-12,2025-09-12 13:34:26,601398.SH,B,7.480,100
1115,51,2025-09-12,2025-09-12 13:34:24,300398.SZ,S,23.060,100
1116,59,2025-09-12,2025-09-12 13:34:04,300609.SZ,B,46.150,100
1117,52,2025-09-12,2025-09-12 13:33:45,300218.SZ,B,20.280,100
1118,61,2025-09-12,2025-09-12 13:33:44,000402.SZ,B,3.320,400
1119,58,2025-09-12,2025-09-12 13:33:42,600586.SH,B,5.240,1500
1120,59,2025-09-12,2025-09-12 13:33:42,600586.SH,B,5.240,1600
1121,61,2025-09-12,2025-09-12 13:33:41,600586.SH,B,5.240,2300
1122,49,2025-09-12,2025-09-12 13:33:41,600586.SH,B,5.240,1100
1123,52,2025-09-12,2025-09-12 13:33:34,600586.SH,B,5.240,300
1124,58,2025-09-12,2025-09-12 13:33:41,600586.SH,B,5.240,600
1125,51,2025-09-12,2025-09-12 13:33:43,300121.SZ,S,15.810,100
1126,51,2025-09-12,2025-09-12 13:33:20,600318.SH,S,10.050,100
1127,52,2025-09-12,2025-09-12 13:33:09,603979.SH,B,64.400,100
1128,51,2025-09-12,2025-09-12 13:33:07,300003.SZ,S,18.780,200
1129,51,2025-09-12,2025-09-12 13:33:00,002195.SZ,B,8.160,1000
1130,52,2025-09-12,2025-09-12 13:32:54,600380.SH,S,13.140,100
1131,52,2025-09-12,2025-09-12 13:32:52,300363.SZ,S,26.440,100
1132,58,2025-09-12,2025-09-12 13:32:52,300121.SZ,S,15.810,1200
1133,61,2025-09-12,2025-09-12 13:32:48,300217.SZ,B,6.020,500
1134,58,2025-09-12,2025-09-12 13:32:42,300591.SZ,B,10.010,1200
1135,52,2025-09-12,2025-09-12 13:32:37,300591.SZ,B,10.010,200
1136,58,2025-09-12,2025-09-12 13:32:41,300591.SZ,B,10.010,200
1137,61,2025-09-12,2025-09-12 13:32:40,600869.SH,S,7.110,300
1138,61,2025-09-12,2025-09-12 13:32:32,300217.SZ,B,6.020,1000
1139,61,2025-09-12,2025-09-12 13:32:32,603367.SH,S,22.660,100
1140,51,2025-09-12,2025-09-12 13:32:36,000783.SZ,B,8.410,500
1141,51,2025-09-12,2025-09-12 13:32:29,688098.SH,S,11.820,319
1142,58,2025-09-12,2025-09-12 13:32:24,002428.SZ,S,30.050,200
1143,49,2025-09-12,2025-09-12 13:32:22,300217.SZ,B,6.020,300
1144,59,2025-09-12,2025-09-12 13:32:22,300217.SZ,B,6.020,500
1145,51,2025-09-12,2025-09-12 13:32:26,002402.SZ,S,39.230,100
1146,51,2025-09-12,2025-09-12 13:32:21,600988.SH,S,30.000,200
1147,52,2025-09-12,2025-09-12 13:31:18,300499.SZ,B,29.730,100
1148,52,2025-09-12,2025-09-12 13:31:18,601818.SH,B,3.630,100
1149,52,2025-09-12,2025-09-12 13:31:18,300121.SZ,S,16.070,300
1150,52,2025-09-12,2025-09-12 13:31:18,002734.SZ,B,19.480,100
1151,52,2025-09-12,2025-09-12 13:31:55,300398.SZ,S,23.130,200
1152,52,2025-09-12,2025-09-12 13:31:54,002402.SZ,S,39.000,100
1153,52,2025-09-12,2025-09-12 13:31:56,002364.SZ,B,28.760,100
1154,61,2025-09-12,2025-09-12 13:32:04,002364.SZ,B,28.760,1100
1155,59,2025-09-12,2025-09-12 13:32:02,300363.SZ,S,26.280,200
1156,61,2025-09-12,2025-09-12 13:32:02,300363.SZ,S,26.280,500
1157,49,2025-09-12,2025-09-12 13:32:02,300363.SZ,S,26.280,200
1158,61,2025-09-12,2025-09-12 13:31:57,300398.SZ,S,23.140,300
1159,59,2025-09-12,2025-09-12 13:31:57,300398.SZ,S,23.130,200
1160,49,2025-09-12,2025-09-12 13:31:57,300398.SZ,S,23.140,200
1161,61,2025-09-12,2025-09-12 13:31:56,301526.SZ,S,7.330,100
1162,58,2025-09-12,2025-09-12 13:31:55,300398.SZ,S,23.130,300
1163,58,2025-09-12,2025-09-12 13:31:55,300398.SZ,S,23.130,200
1164,59,2025-09-12,2025-09-12 13:31:49,002428.SZ,S,29.990,100
1165,58,2025-09-12,2025-09-12 13:31:49,300363.SZ,S,26.260,500
1166,61,2025-09-12,2025-09-12 13:31:49,688262.SH,S,30.420,200
1167,49,2025-09-12,2025-09-12 13:31:49,002428.SZ,S,29.990,100
1168,61,2025-09-12,2025-09-12 13:31:49,002428.SZ,S,29.990,400
1169,49,2025-09-12,2025-09-12 13:31:42,601818.SH,B,3.630,300
1170,61,2025-09-12,2025-09-12 13:31:38,000709.SZ,S,2.530,100
1171,61,2025-09-12,2025-09-12 13:31:23,600961.SH,S,15.900,100
1172,59,2025-09-12,2025-09-12 13:31:22,300121.SZ,S,16.000,400
1173,49,2025-09-12,2025-09-12 13:31:22,300121.SZ,S,16.000,400
1174,61,2025-09-12,2025-09-12 13:31:22,300121.SZ,S,16.000,600
1175,61,2025-09-12,2025-09-12 13:31:17,301030.SZ,B,15.900,400
1176,61,2025-09-12,2025-09-12 13:28:30,600653.SH,B,2.260,400
1177,61,2025-09-12,2025-09-12 13:28:18,002734.SZ,B,19.430,300
1178,61,2025-09-12,2025-09-12 13:28:18,300304.SZ,S,13.890,300
1179,61,2025-09-12,2025-09-12 13:28:16,002026.SZ,S,13.880,400
1180,58,2025-09-12,2025-09-12 13:28:08,600319.SH,B,8.110,700
1181,49,2025-09-12,2025-09-12 13:28:07,600586.SH,S,5.230,300
1182,61,2025-09-12,2025-09-12 13:28:07,600586.SH,S,5.230,100
1183,59,2025-09-12,2025-09-12 13:28:07,600586.SH,S,5.230,900
1184,58,2025-09-12,2025-09-12 13:28:06,600319.SH,B,8.110,1100
1185,59,2025-09-12,2025-09-12 13:28:03,600339.SH,S,3.540,100
1186,51,2025-09-12,2025-09-12 13:27:48,000415.SZ,B,3.640,500
1187,61,2025-09-12,2025-09-12 13:27:12,002565.SZ,B,7.670,400
1188,61,2025-09-12,2025-09-12 13:27:01,603052.SH,B,33.400,100
1189,61,2025-09-12,2025-09-12 13:26:49,002215.SZ,S,12.180,100
1190,51,2025-09-12,2025-09-12 13:26:49,600487.SH,B,20.640,600
1191,61,2025-09-12,2025-09-12 13:26:31,002792.SZ,B,16.960,800
1192,49,2025-09-12,2025-09-12 13:26:31,002792.SZ,B,16.960,300
1193,58,2025-09-12,2025-09-12 13:26:07,600869.SH,B,7.080,200
1194,58,2025-09-12,2025-09-12 13:26:07,600869.SH,B,7.080,100
1195,58,2025-09-12,2025-09-12 13:26:07,600869.SH,B,7.080,100
1196,58,2025-09-12,2025-09-12 13:26:07,600869.SH,B,7.080,200
1197,58,2025-09-12,2025-09-12 13:25:40,603219.SH,S,18.810,500
1198,61,2025-09-12,2025-09-12 13:24:52,688772.SH,S,22.270,43
1199,61,2025-09-12,2025-09-12 13:24:52,688772.SH,S,22.270,637
1200,59,2025-09-12,2025-09-12 13:24:52,688772.SH,S,22.270,200
1201,52,2025-09-12,2025-09-12 13:24:30,002129.SZ,B,8.530,100
1202,49,2025-09-12,2025-09-12 13:24:26,002324.SZ,S,14.500,100
1203,61,2025-09-12,2025-09-12 13:24:26,002324.SZ,S,14.500,300
1204,52,2025-09-12,2025-09-12 13:22:27,002164.SZ,B,13.750,100
1205,61,2025-09-12,2025-09-12 13:24:06,300363.SZ,B,26.260,100
1206,61,2025-09-12,2025-09-12 13:24:06,300363.SZ,B,26.260,100
1207,61,2025-09-12,2025-09-12 13:24:06,300363.SZ,B,26.260,100
1208,61,2025-09-12,2025-09-12 13:24:06,300363.SZ,B,26.260,100
1209,49,2025-09-12,2025-09-12 13:23:59,002026.SZ,S,13.810,300
1210,49,2025-09-12,2025-09-12 13:23:59,002026.SZ,S,13.810,100
1211,61,2025-09-12,2025-09-12 13:23:49,300703.SZ,S,35.790,100
1212,52,2025-09-12,2025-09-12 13:23:18,688772.SH,S,22.270,179
1213,52,2025-09-12,2025-09-12 13:23:22,603993.SH,B,13.570,100
1214,51,2025-09-12,2025-09-12 13:23:40,300458.SZ,S,48.940,100
1215,52,2025-09-12,2025-09-12 13:23:18,688772.SH,S,22.270,22
1216,61,2025-09-12,2025-09-12 13:23:10,002225.SZ,S,6.040,200
1217,52,2025-09-12,2025-09-12 13:16:19,601668.SH,B,5.600,100
1218,52,2025-09-12,2025-09-12 13:22:00,601766.SH,S,7.740,100
1219,51,2025-09-12,2025-09-12 13:22:54,002129.SZ,B,8.530,700
1220,61,2025-09-12,2025-09-12 13:22:31,603052.SH,B,33.450,300
1221,52,2025-09-12,2025-09-12 13:16:19,600166.SH,B,2.860,100
1222,61,2025-09-12,2025-09-12 13:22:05,002565.SZ,B,7.670,2700
1223,51,2025-09-12,2025-09-12 13:22:04,002129.SZ,B,8.530,900
1224,61,2025-09-12,2025-09-12 13:21:45,688556.SH,S,10.950,210
1225,61,2025-09-12,2025-09-12 13:21:33,002026.SZ,S,13.860,1600
1226,52,2025-09-12,2025-09-12 13:21:22,600026.SH,B,12.110,100
1227,52,2025-09-12,2025-09-12 13:21:17,603089.SH,S,16.360,100
1228,61,2025-09-12,2025-09-12 13:21:16,603089.SH,S,16.360,400
1229,58,2025-09-12,2025-09-12 13:21:09,300355.SZ,B,4.750,3000
1230,59,2025-09-12,2025-09-12 13:21:09,300355.SZ,B,4.750,4100
1231,61,2025-09-12,2025-09-12 13:21:09,300355.SZ,B,4.750,4600
1232,58,2025-09-12,2025-09-12 13:20:52,688772.SH,S,22.230,260
1233,52,2025-09-12,2025-09-12 13:20:44,002459.SZ,B,13.330,100
1234,58,2025-09-12,2025-09-12 13:20:11,603219.SH,S,19.100,400
1235,52,2025-09-12,2025-09-12 13:20:04,603219.SH,S,19.100,200
1236,61,2025-09-12,2025-09-12 13:20:08,300458.SZ,S,49.180,100
1237,58,2025-09-12,2025-09-12 13:20:07,300458.SZ,S,49.160,100
1238,51,2025-09-12,2025-09-12 13:20:11,300458.SZ,S,49.160,200
1239,52,2025-09-12,2025-09-12 13:20:06,300458.SZ,S,49.180,100
1240,59,2025-09-12,2025-09-12 13:20:02,300304.SZ,S,13.880,300
1241,49,2025-09-12,2025-09-12 13:20:00,300304.SZ,S,13.880,200
1242,58,2025-09-12,2025-09-12 13:20:00,600319.SH,B,8.090,1400
1243,59,2025-09-12,2025-09-12 13:20:00,300304.SZ,S,13.880,100
1244,52,2025-09-12,2025-09-12 13:16:22,600319.SH,B,8.090,100
1245,59,2025-09-12,2025-09-12 13:19:55,603456.SH,S,18.870,100
1246,61,2025-09-12,2025-09-12 13:19:51,688556.SH,S,10.970,11
1247,51,2025-09-12,2025-09-12 13:19:54,300304.SZ,S,13.880,300
1248,51,2025-09-12,2025-09-12 13:19:24,600487.SH,B,20.680,400
1249,61,2025-09-12,2025-09-12 13:19:09,300304.SZ,S,13.890,100
1250,61,2025-09-12,2025-09-12 13:19:09,300304.SZ,S,13.890,200
1251,61,2025-09-12,2025-09-12 13:19:00,300304.SZ,S,13.890,100
1252,61,2025-09-12,2025-09-12 13:19:00,300304.SZ,S,13.890,200
1253,52,2025-09-12,2025-09-12 13:18:51,002735.SZ,B,16.660,100
1254,61,2025-09-12,2025-09-12 13:18:50,002734.SZ,B,19.440,500
1255,61,2025-09-12,2025-09-12 13:18:32,300499.SZ,B,29.760,400
1256,52,2025-09-12,2025-09-12 13:18:11,300725.SZ,B,43.410,100
1257,58,2025-09-12,2025-09-12 13:17:55,300304.SZ,S,13.880,900
1258,52,2025-09-12,2025-09-12 13:17:52,300304.SZ,S,13.880,300
1259,52,2025-09-12,2025-09-12 13:17:54,601003.SH,S,5.950,100
1260,51,2025-09-12,2025-09-12 13:17:52,300304.SZ,S,13.870,200
1261,59,2025-09-12,2025-09-12 13:17:42,603219.SH,S,18.810,300
1262,49,2025-09-12,2025-09-12 13:17:37,603219.SH,S,18.810,300
1263,61,2025-09-12,2025-09-12 13:17:37,603219.SH,S,18.810,200
1264,61,2025-09-12,2025-09-12 13:17:37,603219.SH,S,18.810,800
1265,61,2025-09-12,2025-09-12 13:16:59,601003.SH,S,5.950,200
1266,49,2025-09-12,2025-09-12 13:16:59,601003.SH,S,5.950,200
1267,58,2025-09-12,2025-09-12 13:16:59,688556.SH,S,10.930,206
1268,51,2025-09-12,2025-09-12 13:16:53,000009.SZ,S,11.480,1000
1269,52,2025-09-12,2025-09-12 13:16:18,000959.SZ,B,4.430,100
1270,51,2025-09-12,2025-09-12 13:16:49,000009.SZ,S,11.460,300
1271,49,2025-09-12,2025-09-12 13:16:31,605488.SH,S,34.010,100
1272,61,2025-09-12,2025-09-12 13:16:31,605488.SH,S,34.010,300
1273,59,2025-09-12,2025-09-12 13:16:30,605488.SH,S,34.010,100
1274,58,2025-09-12,2025-09-12 13:16:26,600869.SH,B,7.080,300
1275,58,2025-09-12,2025-09-12 13:16:26,600869.SH,B,7.080,300
1276,58,2025-09-12,2025-09-12 13:16:26,600869.SH,B,7.080,400
1277,52,2025-09-12,2025-09-12 13:16:25,600869.SH,B,7.080,100
1278,52,2025-09-12,2025-09-12 13:16:18,000630.SZ,S,4.760,100
1279,52,2025-09-12,2025-09-12 13:16:21,000932.SZ,B,6.660,100
1280,52,2025-09-12,2025-09-12 13:16:20,300657.SZ,S,34.290,100
1281,52,2025-09-12,2025-09-12 13:16:20,600967.SH,B,19.830,100
1282,58,2025-09-12,2025-09-12 13:16:19,300657.SZ,S,34.300,200
1283,58,2025-09-12,2025-09-12 13:16:18,605488.SH,S,34.090,200
1284,52,2025-09-12,2025-09-12 13:16:18,300355.SZ,B,4.760,1000
1285,52,2025-09-12,2025-09-12 13:16:18,000009.SZ,S,11.430,300
1286,61,2025-09-12,2025-09-12 13:16:16,600869.SH,B,7.080,300
1287,61,2025-09-12,2025-09-12 13:16:16,600869.SH,B,7.080,100
1288,58,2025-09-12,2025-09-12 13:16:16,300355.SZ,B,4.760,200
1289,58,2025-09-12,2025-09-12 13:16:16,300355.SZ,B,4.760,1600
1290,58,2025-09-12,2025-09-12 13:16:16,605488.SH,S,34.090,100
1291,49,2025-09-12,2025-09-12 13:16:14,300657.SZ,S,34.310,100
1292,61,2025-09-12,2025-09-12 13:16:14,300657.SZ,S,34.310,100
1293,61,2025-09-12,2025-09-12 13:16:14,300657.SZ,S,34.310,100
1294,49,2025-09-12,2025-09-12 13:16:14,300355.SZ,B,4.760,300
1295,49,2025-09-12,2025-09-12 13:16:14,300355.SZ,B,4.760,600
1296,59,2025-09-12,2025-09-12 13:16:14,300657.SZ,S,34.310,100
1297,51,2025-09-12,2025-09-12 13:16:17,605488.SH,S,34.090,100
1298,61,2025-09-12,2025-09-12 13:13:19,603496.SH,B,30.900,100
1299,61,2025-09-12,2025-09-12 13:13:18,002026.SZ,B,13.820,500
1300,61,2025-09-12,2025-09-12 13:13:18,002026.SZ,B,13.820,300
1301,49,2025-09-12,2025-09-12 13:13:16,002026.SZ,B,13.820,300
1302,58,2025-09-12,2025-09-12 13:13:17,000875.SZ,B,5.800,700
1303,61,2025-09-12,2025-09-12 13:13:16,603429.SH,S,11.700,300
1304,58,2025-09-12,2025-09-12 13:13:16,600586.SH,B,5.260,700
1305,58,2025-09-12,2025-09-12 13:13:07,600478.SH,S,6.660,500
1306,58,2025-09-12,2025-09-12 13:13:07,600176.SH,B,15.710,100
1307,59,2025-09-12,2025-09-12 13:13:08,002225.SZ,B,6.040,200
1308,52,2025-09-12,2025-09-12 13:13:07,600319.SH,B,8.120,300
1309,52,2025-09-12,2025-09-12 13:13:00,600968.SH,B,3.940,100
1310,52,2025-09-12,2025-09-12 13:13:04,600844.SH,B,3.150,100
1311,51,2025-09-12,2025-09-12 13:13:08,601111.SH,S,7.800,200
1312,61,2025-09-12,2025-09-12 13:13:02,301016.SZ,S,21.110,200
1313,61,2025-09-12,2025-09-12 13:13:00,002706.SZ,S,11.710,300
1314,61,2025-09-12,2025-09-12 13:13:00,688772.SH,B,22.220,575
1315,61,2025-09-12,2025-09-12 13:12:59,688772.SH,B,22.220,45
1316,49,2025-09-12,2025-09-12 13:12:58,688772.SH,B,22.240,125
1317,49,2025-09-12,2025-09-12 13:12:58,688772.SH,B,22.240,200
1318,52,2025-09-12,2025-09-12 13:12:55,601766.SH,B,7.750,100
1319,49,2025-09-12,2025-09-12 13:12:51,688772.SH,B,22.240,100
1320,61,2025-09-12,2025-09-12 13:12:43,603496.SH,B,30.900,100
1321,58,2025-09-12,2025-09-12 13:12:40,300725.SZ,B,43.250,100
1322,61,2025-09-12,2025-09-12 13:12:31,002138.SZ,B,35.360,100
1323,59,2025-09-12,2025-09-12 13:12:12,300703.SZ,S,35.540,100
1324,49,2025-09-12,2025-09-12 13:12:12,300703.SZ,S,35.540,100
1325,61,2025-09-12,2025-09-12 13:12:12,300703.SZ,S,35.540,100
1326,61,2025-09-12,2025-09-12 13:12:04,002324.SZ,B,14.560,700
1327,61,2025-09-12,2025-09-12 13:12:03,300328.SZ,B,17.870,700
1328,61,2025-09-12,2025-09-12 13:11:58,300269.SZ,S,5.150,100
1329,52,2025-09-12,2025-09-12 13:01:19,600252.SH,S,2.780,100
1330,61,2025-09-12,2025-09-12 13:11:37,002560.SZ,S,7.420,200
1331,59,2025-09-12,2025-09-12 13:11:37,002560.SZ,S,7.420,100
1332,61,2025-09-12,2025-09-12 13:11:37,002560.SZ,S,7.420,500
1333,59,2025-09-12,2025-09-12 13:11:36,002560.SZ,S,7.420,200
1334,58,2025-09-12,2025-09-12 13:11:15,002026.SZ,B,13.830,900
1335,52,2025-09-12,2025-09-12 13:09:34,301078.SZ,B,11.690,100
1336,59,2025-09-12,2025-09-12 13:10:32,600176.SH,B,15.680,1200
1337,49,2025-09-12,2025-09-12 13:10:15,002324.SZ,B,14.540,400
1338,59,2025-09-12,2025-09-12 13:10:15,002324.SZ,B,14.540,200
1339,52,2025-09-12,2025-09-12 13:09:12,002552.SZ,S,17.050,100
1340,49,2025-09-12,2025-09-12 13:10:00,600586.SH,B,5.250,700
1341,52,2025-09-12,2025-09-12 13:09:25,600586.SH,B,5.250,500
1342,58,2025-09-12,2025-09-12 13:09:54,000875.SZ,B,5.780,300
1343,58,2025-09-12,2025-09-12 13:09:54,000875.SZ,B,5.780,800
1344,49,2025-09-12,2025-09-12 13:09:44,600367.SH,S,18.370,200
1345,61,2025-09-12,2025-09-12 13:09:41,000875.SZ,B,5.780,2800
1346,51,2025-09-12,2025-09-12 13:09:46,300133.SZ,S,8.930,500
1347,51,2025-09-12,2025-09-12 13:09:45,300133.SZ,S,8.930,100
1348,61,2025-09-12,2025-09-12 13:09:39,688772.SH,B,22.270,600
1349,58,2025-09-12,2025-09-12 13:09:30,600319.SH,B,8.110,400
1350,59,2025-09-12,2025-09-12 13:09:18,002922.SZ,S,21.400,100
1351,61,2025-09-12,2025-09-12 13:09:15,002922.SZ,S,21.400,500
1352,61,2025-09-12,2025-09-12 13:09:06,002565.SZ,B,7.660,400
1353,59,2025-09-12,2025-09-12 13:09:04,002792.SZ,B,17.020,200
1354,58,2025-09-12,2025-09-12 13:09:01,600319.SH,B,8.110,700
1355,59,2025-09-12,2025-09-12 13:09:00,600586.SH,B,5.260,1700
1356,51,2025-09-12,2025-09-12 13:09:03,300408.SZ,B,43.050,100
1357,58,2025-09-12,2025-09-12 13:08:49,603988.SH,S,28.000,300
1358,61,2025-09-12,2025-09-12 13:08:45,002565.SZ,B,7.660,900
1359,61,2025-09-12,2025-09-12 13:08:42,002565.SZ,B,7.660,400
1360,51,2025-09-12,2025-09-12 13:08:41,300633.SZ,S,36.150,100
1361,58,2025-09-12,2025-09-12 13:08:35,600026.SH,S,12.130,400
1362,51,2025-09-12,2025-09-12 13:08:39,600026.SH,S,12.130,400
1363,52,2025-09-12,2025-09-12 13:08:28,600026.SH,S,12.130,300
1364,52,2025-09-12,2025-09-12 13:07:37,300363.SZ,B,25.490,100
1365,52,2025-09-12,2025-09-12 13:07:37,300363.SZ,B,25.490,100
1366,61,2025-09-12,2025-09-12 13:08:17,300133.SZ,S,8.920,600
1367,51,2025-09-12,2025-09-12 13:08:13,600735.SH,B,5.550,100
1368,58,2025-09-12,2025-09-12 13:08:07,002215.SZ,B,12.180,100
1369,58,2025-09-12,2025-09-12 13:07:52,002324.SZ,B,14.560,200
1370,58,2025-09-12,2025-09-12 13:07:52,002324.SZ,B,14.560,100
1371,58,2025-09-12,2025-09-12 13:07:52,002324.SZ,B,14.560,200
1372,58,2025-09-12,2025-09-12 13:07:52,002324.SZ,B,14.560,200
1373,61,2025-09-12,2025-09-12 13:07:53,600319.SH,B,8.120,200
1374,61,2025-09-12,2025-09-12 13:07:53,600319.SH,B,8.120,700
1375,61,2025-09-12,2025-09-12 13:07:53,600319.SH,B,8.120,300
1376,51,2025-09-12,2025-09-12 13:07:58,300433.SZ,B,29.560,100
1377,58,2025-09-12,2025-09-12 13:07:53,300133.SZ,S,8.920,500
1378,58,2025-09-12,2025-09-12 13:07:52,300133.SZ,S,8.920,600
1379,58,2025-09-12,2025-09-12 13:07:52,300133.SZ,S,8.920,200
1380,52,2025-09-12,2025-09-12 13:07:52,002324.SZ,B,14.560,200
1381,59,2025-09-12,2025-09-12 13:07:50,300133.SZ,S,8.920,500
1382,61,2025-09-12,2025-09-12 13:07:50,300133.SZ,S,8.920,800
1383,49,2025-09-12,2025-09-12 13:07:50,300133.SZ,S,8.920,400
1384,58,2025-09-12,2025-09-12 13:07:48,600586.SH,B,5.260,1200
1385,61,2025-09-12,2025-09-12 13:07:48,002026.SZ,B,13.780,1100
1386,61,2025-09-12,2025-09-12 13:07:37,002550.SZ,S,10.000,300
1387,51,2025-09-12,2025-09-12 13:07:40,300083.SZ,B,10.440,100
1388,61,2025-09-12,2025-09-12 13:07:32,002138.SZ,B,35.340,200
1389,51,2025-09-12,2025-09-12 13:07:22,600153.SH,B,10.560,100
1390,52,2025-09-12,2025-09-12 13:04:53,600737.SH,B,16.840,100
1391,61,2025-09-12,2025-09-12 13:07:11,603569.SH,B,9.690,300
1392,51,2025-09-12,2025-09-12 13:07:06,603220.SH,B,23.580,100
1393,52,2025-09-12,2025-09-12 13:06:28,000010.SZ,S,4.790,500
1394,51,2025-09-12,2025-09-12 13:06:41,000010.SZ,S,4.790,200
1395,58,2025-09-12,2025-09-12 13:06:36,000010.SZ,S,4.790,600
1396,51,2025-09-12,2025-09-12 13:06:40,000010.SZ,S,4.790,1200
1397,58,2025-09-12,2025-09-12 13:06:33,000010.SZ,S,4.790,300
1398,58,2025-09-12,2025-09-12 13:06:32,000010.SZ,S,4.790,100
1399,58,2025-09-12,2025-09-12 13:06:20,300363.SZ,B,25.410,500
1400,49,2025-09-12,2025-09-12 13:06:14,300363.SZ,B,25.410,200
1401,59,2025-09-12,2025-09-12 13:06:14,300363.SZ,B,25.410,200
1402,51,2025-09-12,2025-09-12 13:06:11,002324.SZ,B,14.510,100
1403,52,2025-09-12,2025-09-12 13:05:14,600733.SH,B,8.730,100
1404,61,2025-09-12,2025-09-12 13:06:05,600367.SH,S,18.360,1400
1405,59,2025-09-12,2025-09-12 13:06:05,600367.SH,S,18.360,500
1406,58,2025-09-12,2025-09-12 13:05:55,002735.SZ,S,16.720,400
1407,52,2025-09-12,2025-09-12 13:05:55,002735.SZ,S,16.720,100
1408,61,2025-09-12,2025-09-12 13:05:48,002735.SZ,S,16.710,300
1409,49,2025-09-12,2025-09-12 13:05:48,002735.SZ,S,16.710,100
1410,59,2025-09-12,2025-09-12 13:05:48,002735.SZ,S,16.710,100
1411,61,2025-09-12,2025-09-12 13:05:37,002215.SZ,B,12.180,300
1412,61,2025-09-12,2025-09-12 13:05:31,603612.SH,S,28.410,200
1413,61,2025-09-12,2025-09-12 13:05:30,603612.SH,S,28.410,100
1414,58,2025-09-12,2025-09-12 13:05:30,603612.SH,S,28.430,300
1415,51,2025-09-12,2025-09-12 13:05:27,002858.SZ,B,15.440,100
1416,58,2025-09-12,2025-09-12 13:05:20,002225.SZ,B,6.040,700
1417,49,2025-09-12,2025-09-12 13:05:20,002225.SZ,B,6.040,200
1418,61,2025-09-12,2025-09-12 13:05:20,002225.SZ,B,6.040,600
1419,52,2025-09-12,2025-09-12 13:04:54,002225.SZ,B,6.040,100
1420,61,2025-09-12,2025-09-12 13:05:04,002459.SZ,B,13.350,600
1421,59,2025-09-12,2025-09-12 13:05:00,603988.SH,S,28.370,100
1422,61,2025-09-12,2025-09-12 13:05:00,603988.SH,S,28.370,100
1423,61,2025-09-12,2025-09-12 13:05:00,603988.SH,S,28.370,200
1424,49,2025-09-12,2025-09-12 13:04:59,603988.SH,S,28.370,100
1425,52,2025-09-12,2025-09-12 13:04:58,002129.SZ,B,8.570,100
1426,52,2025-09-12,2025-09-12 13:01:18,000709.SZ,S,2.520,100
1427,58,2025-09-12,2025-09-12 13:04:55,002550.SZ,B,9.990,300
1428,49,2025-09-12,2025-09-12 13:04:53,300328.SZ,B,17.860,200
1429,58,2025-09-12,2025-09-12 13:04:53,300328.SZ,B,17.860,300
1430,59,2025-09-12,2025-09-12 13:04:53,600176.SH,B,15.640,800
1431,51,2025-09-12,2025-09-12 13:04:57,300213.SZ,B,11.110,100
1432,52,2025-09-12,2025-09-12 13:02:51,002476.SZ,S,5.570,200
1433,58,2025-09-12,2025-09-12 13:04:50,002459.SZ,B,13.350,800
1434,52,2025-09-12,2025-09-12 13:04:49,002459.SZ,B,13.350,300
1435,58,2025-09-12,2025-09-12 13:04:46,002792.SZ,B,16.990,300
1436,61,2025-09-12,2025-09-12 13:04:41,000875.SZ,B,5.770,700
1437,58,2025-09-12,2025-09-12 13:04:41,603569.SH,B,9.650,100
1438,58,2025-09-12,2025-09-12 13:04:40,300465.SZ,B,24.920,100
1439,61,2025-09-12,2025-09-12 13:04:41,000875.SZ,B,5.770,3100
1440,52,2025-09-12,2025-09-12 13:04:40,001289.SZ,B,17.460,100
1441,59,2025-09-12,2025-09-12 13:04:40,002459.SZ,B,13.340,500
1442,58,2025-09-12,2025-09-12 13:04:29,688772.SH,B,22.230,425
1443,58,2025-09-12,2025-09-12 13:04:29,688772.SH,B,22.230,319
1444,58,2025-09-12,2025-09-12 13:04:29,688772.SH,B,22.220,161
1445,52,2025-09-12,2025-09-12 13:04:29,688772.SH,B,22.230,519
1446,51,2025-09-12,2025-09-12 13:04:32,002476.SZ,S,5.560,600
1447,59,2025-09-12,2025-09-12 13:04:25,301016.SZ,S,21.140,400
1448,61,2025-09-12,2025-09-12 13:04:25,301016.SZ,S,21.140,500
1449,61,2025-09-12,2025-09-12 13:04:25,603429.SH,S,11.690,500
1450,61,2025-09-12,2025-09-12 13:04:23,600820.SH,S,6.660,100
1451,51,2025-09-12,2025-09-12 13:04:27,002558.SZ,S,42.520,100
1452,59,2025-09-12,2025-09-12 13:04:18,603429.SH,S,11.700,300
1453,51,2025-09-12,2025-09-12 13:04:22,600176.SH,B,15.620,100
1454,61,2025-09-12,2025-09-12 13:04:17,600156.SH,S,8.660,200
1455,58,2025-09-12,2025-09-12 13:04:11,603659.SH,B,26.420,100
1456,51,2025-09-12,2025-09-12 13:04:16,600208.SH,B,4.650,100
1457,51,2025-09-12,2025-09-12 13:04:12,002084.SZ,B,3.890,100
1458,61,2025-09-12,2025-09-12 13:04:02,600586.SH,B,5.270,1800
1459,59,2025-09-12,2025-09-12 13:04:00,002073.SZ,S,8.960,100
1460,61,2025-09-12,2025-09-12 13:04:00,002073.SZ,S,8.960,500
1461,61,2025-09-12,2025-09-12 13:03:51,002565.SZ,B,7.660,900
1462,61,2025-09-12,2025-09-12 13:03:49,002138.SZ,B,35.420,300
1463,58,2025-09-12,2025-09-12 13:03:40,300703.SZ,S,35.610,200
1464,61,2025-09-12,2025-09-12 13:03:41,002370.SZ,S,6.130,400
1465,59,2025-09-12,2025-09-12 13:03:41,002370.SZ,S,6.130,400
1466,61,2025-09-12,2025-09-12 13:03:41,002370.SZ,S,6.130,100
1467,59,2025-09-12,2025-09-12 13:03:39,600319.SH,B,8.120,1000
1468,61,2025-09-12,2025-09-12 13:03:39,600319.SH,B,8.120,1400
1469,49,2025-09-12,2025-09-12 13:03:39,600319.SH,B,8.120,300
1470,49,2025-09-12,2025-09-12 13:03:39,600319.SH,B,8.120,400
1471,61,2025-09-12,2025-09-12 13:03:35,002370.SZ,S,6.130,200
1472,49,2025-09-12,2025-09-12 13:03:35,600732.SH,S,16.010,200
1473,61,2025-09-12,2025-09-12 13:03:35,600732.SH,S,16.010,400
1474,59,2025-09-12,2025-09-12 13:03:32,600732.SH,S,16.010,200
1475,61,2025-09-12,2025-09-12 13:03:32,600732.SH,S,16.010,100
1476,58,2025-09-12,2025-09-12 13:03:18,600988.SH,S,30.020,300
1477,52,2025-09-12,2025-09-12 13:03:15,600988.SH,S,30.020,100
1478,51,2025-09-12,2025-09-12 13:03:19,600732.SH,S,16.010,200
1479,51,2025-09-12,2025-09-12 13:03:17,002294.SZ,S,54.280,100
1480,61,2025-09-12,2025-09-12 13:03:09,688638.SH,S,46.550,519
1481,51,2025-09-12,2025-09-12 13:03:14,001289.SZ,B,17.500,300
1482,51,2025-09-12,2025-09-12 13:03:14,002326.SZ,B,17.630,100
1483,61,2025-09-12,2025-09-12 13:03:07,002565.SZ,B,7.660,400
1484,49,2025-09-12,2025-09-12 13:03:06,600026.SH,S,12.150,200
1485,61,2025-09-12,2025-09-12 13:03:06,600026.SH,S,12.150,500
1486,59,2025-09-12,2025-09-12 13:03:06,600026.SH,S,12.150,200
1487,61,2025-09-12,2025-09-12 13:03:04,000959.SZ,S,4.460,100
1488,49,2025-09-12,2025-09-12 13:03:04,000959.SZ,S,4.460,100
1489,52,2025-09-12,2025-09-12 13:01:19,601668.SH,S,5.620,100
1490,51,2025-09-12,2025-09-12 13:03:07,002735.SZ,B,16.740,100
1491,58,2025-09-12,2025-09-12 13:03:01,688638.SH,S,46.540,83
1492,58,2025-09-12,2025-09-12 13:03:01,688638.SH,S,46.540,200
1493,58,2025-09-12,2025-09-12 13:03:01,688638.SH,S,46.540,200
1494,59,2025-09-12,2025-09-12 13:03:01,603659.SH,B,26.490,100
1495,59,2025-09-12,2025-09-12 13:03:01,603659.SH,B,26.490,100
1496,61,2025-09-12,2025-09-12 13:02:57,300465.SZ,S,24.990,200
1497,49,2025-09-12,2025-09-12 13:02:57,300465.SZ,S,24.990,100
1498,52,2025-09-12,2025-09-12 13:02:55,000932.SZ,S,6.720,100
1499,61,2025-09-12,2025-09-12 13:02:52,688556.SH,S,11.000,335
1500,52,2025-09-12,2025-09-12 13:02:51,603612.SH,S,28.390,100
1501,61,2025-09-12,2025-09-12 13:02:36,300083.SZ,S,10.470,100
1502,61,2025-09-12,2025-09-12 13:02:36,300083.SZ,S,10.470,400
1503,61,2025-09-12,2025-09-12 13:02:36,300083.SZ,S,10.470,200
1504,51,2025-09-12,2025-09-12 13:02:40,000932.SZ,S,6.730,200
1505,51,2025-09-12,2025-09-12 13:02:39,002026.SZ,B,13.820,100
1506,61,2025-09-12,2025-09-12 13:02:31,600513.SH,S,22.050,200
1507,52,2025-09-12,2025-09-12 13:02:05,300269.SZ,S,5.140,100
1508,58,2025-09-12,2025-09-12 13:02:27,688556.SH,S,10.950,201
1509,52,2025-09-12,2025-09-12 13:02:00,000630.SZ,B,4.710,100
1510,58,2025-09-12,2025-09-12 13:02:24,300328.SZ,B,17.840,200
1511,51,2025-09-12,2025-09-12 13:02:24,300465.SZ,B,24.950,100
1512,58,2025-09-12,2025-09-12 13:02:18,603612.SH,S,28.360,300
1513,59,2025-09-12,2025-09-12 13:02:18,603612.SH,S,28.360,200
1514,49,2025-09-12,2025-09-12 13:02:18,603612.SH,S,28.360,200
1515,61,2025-09-12,2025-09-12 13:02:18,603612.SH,S,28.360,300
1516,51,2025-09-12,2025-09-12 13:02:21,300792.SZ,B,31.160,100
1517,58,2025-09-12,2025-09-12 13:02:14,300725.SZ,B,42.910,200
1518,51,2025-09-12,2025-09-12 13:02:17,000776.SZ,B,21.130,100
1519,59,2025-09-12,2025-09-12 13:02:12,600266.SH,S,5.340,100
1520,61,2025-09-12,2025-09-12 13:02:08,603496.SH,B,30.860,100
1521,58,2025-09-12,2025-09-12 13:02:09,603089.SH,B,16.420,100
1522,52,2025-09-12,2025-09-12 13:01:44,603089.SH,B,16.420,100
1523,51,2025-09-12,2025-09-12 13:02:13,600653.SH,B,2.280,100
1524,52,2025-09-12,2025-09-12 13:02:04,300133.SZ,S,8.910,400
1525,58,2025-09-12,2025-09-12 13:02:06,600732.SH,B,15.950,100
1526,49,2025-09-12,2025-09-12 13:02:04,002026.SZ,B,13.800,600
1527,58,2025-09-12,2025-09-12 13:02:04,002026.SZ,B,13.800,600
1528,59,2025-09-12,2025-09-12 13:02:04,002026.SZ,B,13.800,600
1529,59,2025-09-12,2025-09-12 13:02:03,600699.SH,S,26.340,100
1530,52,2025-09-12,2025-09-12 13:01:39,002026.SZ,B,13.800,400
1531,61,2025-09-12,2025-09-12 13:02:03,600699.SH,S,26.340,500
1532,52,2025-09-12,2025-09-12 13:01:18,000959.SZ,S,4.430,100
1533,49,2025-09-12,2025-09-12 13:02:00,000402.SZ,S,3.340,100
1534,61,2025-09-12,2025-09-12 13:02:00,000402.SZ,S,3.340,200
1535,51,2025-09-12,2025-09-12 13:02:04,600926.SH,B,15.840,100
1536,58,2025-09-12,2025-09-12 13:01:55,000875.SZ,B,5.770,1500
1537,51,2025-09-12,2025-09-12 13:01:59,002129.SZ,B,8.530,200
1538,52,2025-09-12,2025-09-12 13:01:19,603993.SH,S,13.560,100
1539,61,2025-09-12,2025-09-12 13:01:52,688772.SH,B,22.190,200
1540,61,2025-09-12,2025-09-12 13:01:52,688772.SH,B,22.190,200
1541,59,2025-09-12,2025-09-12 13:01:52,688772.SH,B,22.190,200
1542,52,2025-09-12,2025-09-12 13:01:51,600967.SH,S,19.830,100
1543,59,2025-09-12,2025-09-12 13:01:49,300083.SZ,S,10.480,500
1544,61,2025-09-12,2025-09-12 13:01:48,688772.SH,B,22.200,600
1545,51,2025-09-12,2025-09-12 13:01:53,600026.SH,S,12.150,400
1546,61,2025-09-12,2025-09-12 13:01:45,002026.SZ,B,13.830,1600
1547,58,2025-09-12,2025-09-12 13:01:44,000759.SZ,S,8.080,600
1548,58,2025-09-12,2025-09-12 13:01:43,603496.SH,B,30.940,100
1549,51,2025-09-12,2025-09-12 13:01:48,600157.SH,B,1.500,2600
1550,52,2025-09-12,2025-09-12 13:01:30,000759.SZ,S,8.080,100
1551,61,2025-09-12,2025-09-12 13:01:42,600869.SH,S,7.120,500
1552,52,2025-09-12,2025-09-12 13:01:42,600157.SH,B,1.500,700
1553,51,2025-09-12,2025-09-12 13:01:46,002138.SZ,B,35.380,100
1554,61,2025-09-12,2025-09-12 13:01:40,300725.SZ,B,42.830,100
1555,61,2025-09-12,2025-09-12 13:01:40,300725.SZ,B,42.830,100
1556,61,2025-09-12,2025-09-12 13:01:40,300725.SZ,B,42.830,100
1557,61,2025-09-12,2025-09-12 13:01:40,300725.SZ,B,42.830,100
1558,61,2025-09-12,2025-09-12 13:01:40,600869.SH,S,7.120,100
1559,49,2025-09-12,2025-09-12 13:01:41,600869.SH,S,7.120,100
1560,49,2025-09-12,2025-09-12 13:01:40,688772.SH,B,22.200,200
1561,52,2025-09-12,2025-09-12 13:01:39,002138.SZ,B,35.360,100
1562,61,2025-09-12,2025-09-12 13:01:38,300725.SZ,B,42.830,300
1563,49,2025-09-12,2025-09-12 13:01:38,600808.SH,S,3.670,100
1564,61,2025-09-12,2025-09-12 13:01:38,600808.SH,S,3.670,100
1565,59,2025-09-12,2025-09-12 13:01:38,600808.SH,S,3.670,100
1566,49,2025-09-12,2025-09-12 13:01:36,688772.SH,B,22.200,123
1567,49,2025-09-12,2025-09-12 13:01:36,688772.SH,B,22.200,277
1568,59,2025-09-12,2025-09-12 13:01:36,688772.SH,B,22.200,400
1569,61,2025-09-12,2025-09-12 13:01:28,000709.SZ,S,2.510,100
1570,49,2025-09-12,2025-09-12 13:01:28,000709.SZ,S,2.510,100
1571,59,2025-09-12,2025-09-12 13:01:28,600869.SH,S,7.120,200
1572,61,2025-09-12,2025-09-12 13:01:28,603089.SH,B,16.440,100
1573,61,2025-09-12,2025-09-12 13:01:28,003040.SZ,S,22.890,200
1574,59,2025-09-12,2025-09-12 13:01:28,000709.SZ,S,2.510,100
1575,61,2025-09-12,2025-09-12 13:01:26,301365.SZ,S,20.830,100
1576,58,2025-09-12,2025-09-12 13:01:26,600367.SH,S,18.340,800
1577,61,2025-09-12,2025-09-12 13:01:26,603089.SH,B,16.440,200
1578,61,2025-09-12,2025-09-12 13:01:26,603089.SH,B,16.440,300
1579,51,2025-09-12,2025-09-12 13:01:31,600367.SH,S,18.340,200
1580,58,2025-09-12,2025-09-12 13:01:26,600367.SH,S,18.340,1800
1581,61,2025-09-12,2025-09-12 13:01:26,600367.SH,S,18.340,200
1582,52,2025-09-12,2025-09-12 13:01:24,600367.SH,S,18.340,400
1583,52,2025-09-12,2025-09-12 13:01:24,600367.SH,S,18.340,300
1584,51,2025-09-12,2025-09-12 13:01:28,002426.SZ,B,3.670,100
1585,52,2025-09-12,2025-09-12 13:01:21,600990.SH,S,27.270,100
1586,59,2025-09-12,2025-09-12 13:01:20,601003.SH,S,5.870,100
1587,49,2025-09-12,2025-09-12 13:01:19,600988.SH,S,29.950,100
1588,61,2025-09-12,2025-09-12 13:01:19,600988.SH,S,29.950,300
1589,52,2025-09-12,2025-09-12 13:01:20,600507.SH,S,5.810,100
1590,58,2025-09-12,2025-09-12 13:01:19,002167.SZ,S,15.390,200
1591,59,2025-09-12,2025-09-12 13:01:20,603089.SH,B,16.440,100
1592,52,2025-09-12,2025-09-12 13:01:19,600478.SH,S,6.600,400
1593,59,2025-09-12,2025-09-12 13:01:19,600988.SH,S,29.950,100
1594,59,2025-09-12,2025-09-12 13:01:18,603089.SH,B,16.440,100
1595,52,2025-09-12,2025-09-12 13:01:18,002167.SZ,S,15.390,100
1596,61,2025-09-12,2025-09-12 13:01:18,688258.SH,S,75.890,74
1597,61,2025-09-12,2025-09-12 13:01:18,688258.SH,S,75.890,126
1598,51,2025-09-12,2025-09-12 13:01:22,002459.SZ,B,13.360,200
1599,61,2025-09-12,2025-09-12 13:01:16,603659.SH,S,26.360,100
1600,49,2025-09-12,2025-09-12 13:01:14,600367.SH,S,18.320,600
1601,49,2025-09-12,2025-09-12 13:01:14,002167.SZ,S,15.400,100
1602,49,2025-09-12,2025-09-12 13:01:14,000010.SZ,S,4.870,300
1603,49,2025-09-12,2025-09-12 13:01:14,000759.SZ,S,8.080,200
1604,61,2025-09-12,2025-09-12 13:01:14,002167.SZ,S,15.400,300
1605,61,2025-09-12,2025-09-12 13:01:14,600367.SH,S,18.320,1200
1606,61,2025-09-12,2025-09-12 13:01:14,300083.SZ,S,10.470,200
1607,61,2025-09-12,2025-09-12 13:01:14,000010.SZ,S,4.870,1100
1608,61,2025-09-12,2025-09-12 13:01:14,300083.SZ,S,10.470,100
1609,61,2025-09-12,2025-09-12 13:01:14,600478.SH,S,6.620,100
1610,61,2025-09-12,2025-09-12 13:01:14,000759.SZ,S,8.080,600
1611,49,2025-09-12,2025-09-12 13:01:14,600478.SH,S,6.620,500
1612,61,2025-09-12,2025-09-12 13:01:14,600478.SH,S,6.620,1700
1613,51,2025-09-12,2025-09-12 13:01:20,600586.SH,B,5.270,200
1614,58,2025-09-12,2025-09-12 13:01:14,600478.SH,S,6.610,200
1615,58,2025-09-12,2025-09-12 13:01:14,600478.SH,S,6.610,1000
1616,51,2025-09-12,2025-09-12 13:01:19,000875.SZ,B,5.770,300
1617,51,2025-09-12,2025-09-12 13:01:18,002167.SZ,S,15.400,100
1618,59,2025-09-12,2025-09-12 13:01:13,600478.SH,S,6.620,600
1619,59,2025-09-12,2025-09-12 13:01:13,000759.SZ,S,8.080,200
1620,59,2025-09-12,2025-09-12 13:01:13,600367.SH,S,18.320,500
1621,59,2025-09-12,2025-09-12 13:01:13,000010.SZ,S,4.870,400
1622,59,2025-09-12,2025-09-12 13:01:13,002167.SZ,S,15.400,100
1623,61,2025-09-12,2025-09-12 11:29:57,300189.SZ,B,4.740,1200
1624,59,2025-09-12,2025-09-12 11:29:57,300189.SZ,B,4.740,500
1625,61,2025-09-12,2025-09-12 11:29:14,002560.SZ,B,7.440,500
1626,61,2025-09-12,2025-09-12 11:29:13,605055.SH,S,8.720,700
1627,61,2025-09-12,2025-09-12 11:29:12,002706.SZ,B,11.770,300
1628,61,2025-09-12,2025-09-12 11:29:12,002706.SZ,B,11.760,600
1629,61,2025-09-12,2025-09-12 11:29:12,002706.SZ,B,11.760,100
1630,49,2025-09-12,2025-09-12 11:29:13,603197.SH,B,38.790,100
1631,61,2025-09-12,2025-09-12 11:29:12,300539.SZ,B,37.670,100
1632,61,2025-09-12,2025-09-12 11:29:12,002706.SZ,B,11.760,100
1633,61,2025-09-12,2025-09-12 11:29:11,600735.SH,S,5.550,1000
1634,61,2025-09-12,2025-09-12 11:29:11,300682.SZ,S,23.410,200
