,fund_id,trade_dt,trade_time,s_info_windcode,direction,price,qty
0,61,2025-10-09,2025-10-09 14:56:57,002548.SZ,B,5.050,200
1,59,2025-10-09,2025-10-09 14:56:57,600337.SH,B,2.280,400
2,58,2025-10-09,2025-10-09 14:56:47,688469.SH,B,7.350,6313
3,58,2025-10-09,2025-10-09 14:56:47,688469.SH,B,7.350,1500
4,58,2025-10-09,2025-10-09 14:56:47,688469.SH,B,7.350,7708
5,58,2025-10-09,2025-10-09 14:56:30,002346.SZ,S,18.030,200
6,58,2025-10-09,2025-10-09 14:56:30,002346.SZ,S,18.030,1700
7,52,2025-10-09,2025-10-09 14:56:28,002346.SZ,S,18.043,300
8,61,2025-10-09,2025-10-09 14:56:29,002207.SZ,S,8.360,1200
9,61,2025-10-09,2025-10-09 14:56:28,002346.SZ,S,18.040,800
10,58,2025-10-09,2025-10-09 14:56:26,603328.SH,S,12.010,300
11,58,2025-10-09,2025-10-09 14:56:26,002207.SZ,S,8.360,900
12,58,2025-10-09,2025-10-09 14:56:25,002207.SZ,S,8.360,400
13,52,2025-10-09,2025-10-09 14:56:23,601616.SH,S,4.070,1300
14,52,2025-10-09,2025-10-09 14:56:23,300164.SZ,S,5.780,200
15,61,2025-10-09,2025-10-09 14:56:22,688469.SH,B,7.340,10690
16,58,2025-10-09,2025-10-09 14:56:20,601616.SH,S,4.070,2700
17,58,2025-10-09,2025-10-09 14:56:19,600261.SH,B,3.620,300
18,63,2025-10-09,2025-10-09 14:56:20,605155.SH,S,16.410,400
19,61,2025-10-09,2025-10-09 14:56:20,002584.SZ,S,8.990,1100
20,59,2025-10-09,2025-10-09 14:56:20,688469.SH,B,7.340,4470
21,52,2025-10-09,2025-10-09 14:56:19,601880.SH,S,1.770,100
22,52,2025-10-09,2025-10-09 14:56:19,601616.SH,S,4.070,1300
23,52,2025-10-09,2025-10-09 14:56:19,605060.SH,S,28.080,100
24,61,2025-10-09,2025-10-09 14:56:17,600239.SH,B,2.620,400
25,58,2025-10-09,2025-10-09 14:56:16,601616.SH,S,4.070,2600
26,58,2025-10-09,2025-10-09 14:56:16,601616.SH,S,4.070,100
27,59,2025-10-09,2025-10-09 14:56:17,600239.SH,B,2.620,300
28,59,2025-10-09,2025-10-09 14:56:17,600239.SH,B,2.620,100
29,58,2025-10-09,2025-10-09 14:56:16,605060.SH,S,28.070,200
30,61,2025-10-09,2025-10-09 14:56:16,300850.SZ,S,44.080,100
31,63,2025-10-09,2025-10-09 14:56:16,000564.SZ,S,2.540,100
32,59,2025-10-09,2025-10-09 14:56:16,600819.SH,B,7.110,400
33,59,2025-10-09,2025-10-09 14:56:16,300850.SZ,S,44.080,100
34,63,2025-10-09,2025-10-09 14:56:15,605155.SH,S,16.410,400
35,63,2025-10-09,2025-10-09 14:56:15,002584.SZ,S,8.990,300
36,61,2025-10-09,2025-10-09 14:56:15,002584.SZ,S,8.990,1100
37,63,2025-10-09,2025-10-09 14:56:14,002703.SZ,S,13.910,200
38,63,2025-10-09,2025-10-09 14:56:14,002703.SZ,S,13.910,300
39,59,2025-10-09,2025-10-09 14:56:15,002584.SZ,S,8.990,800
40,58,2025-10-09,2025-10-09 14:56:13,600337.SH,B,2.270,300
41,61,2025-10-09,2025-10-09 14:56:14,002674.SZ,S,15.480,400
42,52,2025-10-09,2025-10-09 14:56:12,002674.SZ,S,15.480,400
43,58,2025-10-09,2025-10-09 14:56:11,002674.SZ,S,15.480,100
44,58,2025-10-09,2025-10-09 14:56:11,002674.SZ,S,15.480,800
45,52,2025-10-09,2025-10-09 14:56:11,600239.SH,B,2.610,100
46,63,2025-10-09,2025-10-09 14:56:10,002674.SZ,S,15.480,1200
47,63,2025-10-09,2025-10-09 14:56:08,002772.SZ,S,10.320,600
48,58,2025-10-09,2025-10-09 14:56:06,600239.SH,B,2.610,300
49,61,2025-10-09,2025-10-09 14:56:06,600416.SH,S,16.270,400
50,61,2025-10-09,2025-10-09 14:56:06,002146.SZ,B,1.620,200
51,59,2025-10-09,2025-10-09 14:56:06,600416.SH,S,16.270,100
52,63,2025-10-09,2025-10-09 14:56:06,600416.SH,S,16.270,500
53,52,2025-10-09,2025-10-09 14:55:59,605155.SH,S,16.430,100
54,52,2025-10-09,2025-10-09 14:54:20,601929.SH,B,3.650,200
55,63,2025-10-09,2025-10-09 14:56:02,002772.SZ,S,10.320,300
56,61,2025-10-09,2025-10-09 14:56:00,000088.SZ,S,4.440,100
57,52,2025-10-09,2025-10-09 14:56:00,002346.SZ,S,18.070,400
58,58,2025-10-09,2025-10-09 14:55:59,002323.SZ,B,1.750,300
59,63,2025-10-09,2025-10-09 14:56:00,002772.SZ,S,10.330,300
60,58,2025-10-09,2025-10-09 14:55:58,002431.SZ,B,2.400,300
61,58,2025-10-09,2025-10-09 14:55:55,000592.SZ,B,3.500,300
62,61,2025-10-09,2025-10-09 14:55:55,000509.SZ,B,3.230,200
63,59,2025-10-09,2025-10-09 14:55:56,000592.SZ,B,3.500,400
64,61,2025-10-09,2025-10-09 14:55:51,002565.SZ,S,7.680,100
65,61,2025-10-09,2025-10-09 14:55:50,002565.SZ,S,7.680,400
66,61,2025-10-09,2025-10-09 14:55:49,002565.SZ,S,7.680,200
67,52,2025-10-09,2025-10-09 14:55:42,601789.SH,B,5.650,100
68,63,2025-10-09,2025-10-09 14:55:36,002772.SZ,S,10.320,100
69,63,2025-10-09,2025-10-09 14:55:36,002772.SZ,S,10.320,200
70,63,2025-10-09,2025-10-09 14:55:36,002772.SZ,S,10.320,300
71,63,2025-10-09,2025-10-09 14:55:36,002772.SZ,S,10.320,600
72,63,2025-10-09,2025-10-09 14:55:36,002772.SZ,S,10.320,800
73,63,2025-10-09,2025-10-09 14:55:36,002772.SZ,S,10.320,300
74,52,2025-10-09,2025-10-09 14:55:25,002772.SZ,S,10.310,200
75,52,2025-10-09,2025-10-09 14:55:17,688469.SH,B,7.340,3846
76,52,2025-10-09,2025-10-09 14:55:17,688469.SH,B,7.340,1303
77,61,2025-10-09,2025-10-09 14:55:14,002506.SZ,S,2.620,100
78,58,2025-10-09,2025-10-09 14:55:12,000882.SZ,B,1.980,300
79,58,2025-10-09,2025-10-09 14:55:06,002565.SZ,S,7.680,1400
80,63,2025-10-09,2025-10-09 14:54:50,002346.SZ,S,18.100,200
81,63,2025-10-09,2025-10-09 14:54:49,002346.SZ,S,18.100,100
82,63,2025-10-09,2025-10-09 14:54:49,002346.SZ,S,18.100,100
83,58,2025-10-09,2025-10-09 14:54:47,002491.SZ,S,5.440,300
84,63,2025-10-09,2025-10-09 14:54:47,002346.SZ,S,18.100,100
85,52,2025-10-09,2025-10-09 14:53:15,002491.SZ,S,5.440,200
86,59,2025-10-09,2025-10-09 14:54:45,002346.SZ,S,18.100,500
87,63,2025-10-09,2025-10-09 14:54:45,002346.SZ,S,18.100,700
88,59,2025-10-09,2025-10-09 14:54:45,002346.SZ,S,18.100,300
89,59,2025-10-09,2025-10-09 14:54:43,002662.SZ,B,3.920,400
90,61,2025-10-09,2025-10-09 14:54:38,601616.SH,S,4.080,5100
91,63,2025-10-09,2025-10-09 14:54:33,601616.SH,S,4.080,2700
92,59,2025-10-09,2025-10-09 14:54:33,601616.SH,S,4.080,800
93,61,2025-10-09,2025-10-09 14:54:32,601616.SH,S,4.080,1000
94,59,2025-10-09,2025-10-09 14:54:33,601616.SH,S,4.080,1700
95,63,2025-10-09,2025-10-09 14:54:31,002772.SZ,S,10.320,3100
96,58,2025-10-09,2025-10-09 14:54:26,002562.SZ,B,7.420,300
97,58,2025-10-09,2025-10-09 14:54:26,000659.SZ,B,2.860,300
98,58,2025-10-09,2025-10-09 14:54:25,688556.SH,B,11.200,553
99,63,2025-10-09,2025-10-09 14:54:10,601818.SH,S,3.360,100
100,52,2025-10-09,2025-10-09 14:53:55,300126.SZ,S,9.640,400
101,58,2025-10-09,2025-10-09 14:53:50,300269.SZ,B,4.920,300
102,58,2025-10-09,2025-10-09 14:53:44,600416.SH,S,16.270,300
103,52,2025-10-09,2025-10-09 14:53:22,300731.SZ,B,43.620,100
104,52,2025-10-09,2025-10-09 14:53:43,600416.SH,S,16.270,100
105,58,2025-10-09,2025-10-09 14:53:42,002584.SZ,S,9.000,900
106,58,2025-10-09,2025-10-09 14:53:40,688469.SH,B,7.330,400
107,58,2025-10-09,2025-10-09 14:53:39,300002.SZ,B,13.890,300
108,59,2025-10-09,2025-10-09 14:53:39,300185.SZ,S,3.240,100
109,63,2025-10-09,2025-10-09 14:53:38,002562.SZ,S,7.420,300
110,52,2025-10-09,2025-10-09 14:51:32,002584.SZ,S,9.000,200
111,61,2025-10-09,2025-10-09 14:53:37,300126.SZ,S,9.640,400
112,52,2025-10-09,2025-10-09 14:51:32,002584.SZ,S,9.000,100
113,52,2025-10-09,2025-10-09 14:51:32,002584.SZ,S,9.000,400
114,58,2025-10-09,2025-10-09 14:53:34,002420.SZ,B,8.120,300
115,63,2025-10-09,2025-10-09 14:53:34,601600.SH,S,8.650,500
116,52,2025-10-09,2025-10-09 14:53:33,000060.SZ,B,6.040,100
117,58,2025-10-09,2025-10-09 14:53:29,002256.SZ,B,3.190,300
118,61,2025-10-09,2025-10-09 14:53:27,605060.SH,S,27.990,300
119,58,2025-10-09,2025-10-09 14:53:26,002627.SZ,B,5.860,300
120,58,2025-10-09,2025-10-09 14:53:25,600169.SH,S,2.690,1200
121,58,2025-10-09,2025-10-09 14:53:22,002584.SZ,S,9.000,900
122,61,2025-10-09,2025-10-09 14:53:15,000987.SZ,B,7.850,200
123,52,2025-10-09,2025-10-09 14:52:09,600795.SH,S,5.150,100
124,63,2025-10-09,2025-10-09 14:53:04,600326.SH,B,12.280,400
125,58,2025-10-09,2025-10-09 14:53:02,603456.SH,S,20.660,200
126,63,2025-10-09,2025-10-09 14:53:00,000889.SZ,S,3.530,2500
127,58,2025-10-09,2025-10-09 14:52:59,300890.SZ,B,33.580,300
128,52,2025-10-09,2025-10-09 14:52:46,300890.SZ,B,33.580,100
129,58,2025-10-09,2025-10-09 14:52:56,002445.SZ,B,2.620,300
130,58,2025-10-09,2025-10-09 14:52:55,603328.SH,S,12.010,300
131,61,2025-10-09,2025-10-09 14:52:55,003040.SZ,B,20.810,200
132,52,2025-10-09,2025-10-09 14:47:00,000889.SZ,S,3.530,100
133,59,2025-10-09,2025-10-09 14:52:45,688469.SH,B,7.330,600
134,59,2025-10-09,2025-10-09 14:52:45,688469.SH,B,7.330,3200
135,61,2025-10-09,2025-10-09 14:52:45,688469.SH,B,7.330,1375
136,61,2025-10-09,2025-10-09 14:52:45,688469.SH,B,7.330,3225
137,61,2025-10-09,2025-10-09 14:52:43,603328.SH,S,12.010,600
138,58,2025-10-09,2025-10-09 14:52:40,600527.SH,B,2.230,300
139,58,2025-10-09,2025-10-09 14:52:38,688469.SH,B,7.330,333
140,58,2025-10-09,2025-10-09 14:52:38,688469.SH,B,7.330,2896
141,58,2025-10-09,2025-10-09 14:52:37,688469.SH,B,7.330,201
142,58,2025-10-09,2025-10-09 14:52:37,688469.SH,B,7.330,216
143,58,2025-10-09,2025-10-09 14:52:37,688469.SH,B,7.330,554
144,59,2025-10-09,2025-10-09 14:52:36,002491.SZ,S,5.430,200
145,61,2025-10-09,2025-10-09 14:52:36,002491.SZ,S,5.430,600
146,58,2025-10-09,2025-10-09 14:52:34,300328.SZ,S,16.910,100
147,58,2025-10-09,2025-10-09 14:52:30,301316.SZ,B,52.890,200
148,61,2025-10-09,2025-10-09 14:52:29,002420.SZ,B,8.120,200
149,59,2025-10-09,2025-10-09 14:52:28,688469.SH,B,7.330,2200
150,63,2025-10-09,2025-10-09 14:52:28,688469.SH,B,7.330,4200
151,63,2025-10-09,2025-10-09 14:52:28,688469.SH,B,7.330,1600
152,61,2025-10-09,2025-10-09 14:52:28,688469.SH,B,7.330,1600
153,58,2025-10-09,2025-10-09 14:52:28,002745.SZ,B,9.240,300
154,52,2025-10-09,2025-10-09 14:52:27,002745.SZ,B,9.240,100
155,63,2025-10-09,2025-10-09 14:52:22,300124.SZ,B,88.710,300
156,58,2025-10-09,2025-10-09 14:52:23,002232.SZ,S,21.300,100
157,52,2025-10-09,2025-10-09 14:51:43,300889.SZ,B,18.790,100
158,58,2025-10-09,2025-10-09 14:52:22,002239.SZ,B,3.300,300
159,63,2025-10-09,2025-10-09 14:52:13,002674.SZ,S,15.490,300
160,58,2025-10-09,2025-10-09 14:52:12,603328.SH,S,12.010,300
161,61,2025-10-09,2025-10-09 14:52:08,603456.SH,S,20.690,400
162,63,2025-10-09,2025-10-09 14:52:06,601600.SH,S,8.640,600
163,59,2025-10-09,2025-10-09 14:52:05,002674.SZ,S,15.500,400
164,58,2025-10-09,2025-10-09 14:52:05,300850.SZ,S,44.100,100
165,59,2025-10-09,2025-10-09 14:52:04,002674.SZ,S,15.500,500
166,58,2025-10-09,2025-10-09 14:52:04,002837.SZ,B,77.670,100
167,58,2025-10-09,2025-10-09 14:52:02,000069.SZ,B,2.570,300
168,58,2025-10-09,2025-10-09 14:52:01,300575.SZ,B,6.480,300
169,61,2025-10-09,2025-10-09 14:51:59,002674.SZ,S,15.500,300
170,61,2025-10-09,2025-10-09 14:51:59,002674.SZ,S,15.500,400
171,61,2025-10-09,2025-10-09 14:51:58,002674.SZ,S,15.500,300
172,61,2025-10-09,2025-10-09 14:51:58,002674.SZ,S,15.500,700
173,63,2025-10-09,2025-10-09 14:51:57,600406.SH,B,23.400,800
174,58,2025-10-09,2025-10-09 14:51:58,300126.SZ,S,9.620,1000
175,63,2025-10-09,2025-10-09 14:51:55,002674.SZ,S,15.500,200
176,61,2025-10-09,2025-10-09 14:51:53,002674.SZ,S,15.500,200
177,58,2025-10-09,2025-10-09 14:51:53,002674.SZ,S,15.500,1100
178,52,2025-10-09,2025-10-09 14:51:52,002674.SZ,S,15.500,500
179,63,2025-10-09,2025-10-09 14:51:51,688538.SH,S,2.950,2937
180,61,2025-10-09,2025-10-09 14:51:46,300077.SZ,B,25.140,200
181,63,2025-10-09,2025-10-09 14:51:46,688469.SH,B,7.340,3340
182,52,2025-10-09,2025-10-09 14:51:31,300184.SZ,B,12.300,100
183,52,2025-10-09,2025-10-09 14:51:23,688469.SH,B,7.340,4800
184,63,2025-10-09,2025-10-09 14:51:25,002703.SZ,S,13.890,300
185,52,2025-10-09,2025-10-09 14:51:19,600169.SH,S,2.690,1000
186,52,2025-10-09,2025-10-09 14:51:24,002017.SZ,B,23.150,100
187,58,2025-10-09,2025-10-09 14:51:22,603633.SH,B,11.710,300
188,63,2025-10-09,2025-10-09 14:51:21,601288.SH,S,6.700,100
189,58,2025-10-09,2025-10-09 14:51:20,600595.SH,B,5.450,300
190,61,2025-10-09,2025-10-09 14:51:14,600169.SH,S,2.690,1700
191,61,2025-10-09,2025-10-09 14:51:14,600169.SH,S,2.690,200
192,61,2025-10-09,2025-10-09 14:51:14,600169.SH,S,2.690,1300
193,59,2025-10-09,2025-10-09 14:51:14,600169.SH,S,2.690,1300
194,52,2025-10-09,2025-10-09 14:48:46,002662.SZ,B,3.910,100
195,58,2025-10-09,2025-10-09 14:51:08,000889.SZ,B,3.520,300
196,59,2025-10-09,2025-10-09 14:51:04,600497.SH,S,6.800,100
197,52,2025-10-09,2025-10-09 14:51:01,603328.SH,S,12.010,500
198,52,2025-10-09,2025-10-09 14:50:18,002565.SZ,S,7.660,200
199,52,2025-10-09,2025-10-09 14:50:18,002565.SZ,S,7.660,400
200,61,2025-10-09,2025-10-09 14:50:54,002401.SZ,S,17.550,100
201,58,2025-10-09,2025-10-09 14:50:51,002961.SZ,B,21.100,100
202,58,2025-10-09,2025-10-09 14:50:51,002961.SZ,B,21.100,200
203,58,2025-10-09,2025-10-09 14:50:48,002321.SZ,B,2.870,300
204,58,2025-10-09,2025-10-09 14:50:46,002040.SZ,S,10.130,100
205,52,2025-10-09,2025-10-09 14:50:45,002040.SZ,S,10.130,200
206,52,2025-10-09,2025-10-09 14:50:45,000725.SZ,S,4.280,100
207,59,2025-10-09,2025-10-09 14:50:44,605060.SH,S,27.970,100
208,61,2025-10-09,2025-10-09 14:50:44,688469.SH,B,7.340,77
209,59,2025-10-09,2025-10-09 14:50:42,688469.SH,B,7.340,3000
210,61,2025-10-09,2025-10-09 14:50:42,688469.SH,B,7.340,5723
211,63,2025-10-09,2025-10-09 14:50:42,688469.SH,B,7.340,5800
212,61,2025-10-09,2025-10-09 14:50:37,601975.SH,B,3.050,400
213,58,2025-10-09,2025-10-09 14:50:33,601975.SH,B,3.050,800
214,59,2025-10-09,2025-10-09 14:50:31,002040.SZ,S,10.130,100
215,61,2025-10-09,2025-10-09 14:50:31,002040.SZ,S,10.130,400
216,58,2025-10-09,2025-10-09 14:50:30,000700.SZ,B,10.960,300
217,61,2025-10-09,2025-10-09 14:50:31,002346.SZ,S,18.040,1300
218,61,2025-10-09,2025-10-09 14:50:30,002346.SZ,S,18.040,100
219,61,2025-10-09,2025-10-09 14:50:30,002233.SZ,S,9.000,100
220,52,2025-10-09,2025-10-09 14:50:29,000700.SZ,B,10.960,100
221,52,2025-10-09,2025-10-09 14:50:24,002918.SZ,B,16.920,100
222,59,2025-10-09,2025-10-09 14:50:24,002158.SZ,S,27.130,100
223,61,2025-10-09,2025-10-09 14:50:24,002158.SZ,S,27.130,100
224,58,2025-10-09,2025-10-09 14:50:23,002207.SZ,S,8.340,1500
225,52,2025-10-09,2025-10-09 14:50:22,002207.SZ,S,8.340,900
226,58,2025-10-09,2025-10-09 14:50:22,600326.SH,B,12.270,300
227,58,2025-10-09,2025-10-09 14:50:21,002146.SZ,B,1.620,300
228,59,2025-10-09,2025-10-09 14:50:16,002269.SZ,B,2.370,400
229,63,2025-10-09,2025-10-09 14:50:16,002130.SZ,S,30.490,200
230,52,2025-10-09,2025-10-09 14:47:33,300185.SZ,B,3.230,100
231,59,2025-10-09,2025-10-09 14:50:13,002565.SZ,S,7.650,700
232,61,2025-10-09,2025-10-09 14:50:13,300185.SZ,B,3.230,400
233,61,2025-10-09,2025-10-09 14:50:13,002565.SZ,S,7.650,1100
234,61,2025-10-09,2025-10-09 14:50:13,002232.SZ,S,21.300,100
235,59,2025-10-09,2025-10-09 14:50:08,600326.SH,S,12.270,100
236,58,2025-10-09,2025-10-09 14:50:06,002476.SZ,S,5.900,1000
237,52,2025-10-09,2025-10-09 14:50:03,002476.SZ,S,5.900,300
238,59,2025-10-09,2025-10-09 14:50:06,002476.SZ,S,5.900,400
239,61,2025-10-09,2025-10-09 14:50:06,002476.SZ,S,5.900,1200
240,58,2025-10-09,2025-10-09 14:50:02,600819.SH,B,7.110,300
241,58,2025-10-09,2025-10-09 14:50:00,000987.SZ,B,7.850,300
242,58,2025-10-09,2025-10-09 14:50:00,300129.SZ,B,8.250,300
243,52,2025-10-09,2025-10-09 14:49:58,002715.SZ,B,24.180,100
244,58,2025-10-09,2025-10-09 14:49:53,002158.SZ,S,27.140,100
245,59,2025-10-09,2025-10-09 14:49:43,002317.SZ,B,16.990,400
246,63,2025-10-09,2025-10-09 14:49:43,002317.SZ,B,16.990,400
247,61,2025-10-09,2025-10-09 14:49:41,688388.SH,B,36.540,319
248,61,2025-10-09,2025-10-09 14:49:39,000035.SZ,S,5.860,300
249,59,2025-10-09,2025-10-09 14:49:39,000035.SZ,S,5.860,300
250,61,2025-10-09,2025-10-09 14:49:35,688388.SH,B,36.530,200
251,58,2025-10-09,2025-10-09 14:49:24,301316.SZ,B,52.960,100
252,52,2025-10-09,2025-10-09 14:49:23,301316.SZ,B,52.960,100
253,52,2025-10-09,2025-10-09 14:49:22,000811.SZ,B,13.820,100
254,61,2025-10-09,2025-10-09 14:49:20,688388.SH,B,36.520,200
255,58,2025-10-09,2025-10-09 14:49:12,002902.SZ,S,24.090,100
256,52,2025-10-09,2025-10-09 14:49:05,605555.SH,B,17.030,100
257,58,2025-10-09,2025-10-09 14:48:59,603328.SH,S,12.020,100
258,58,2025-10-09,2025-10-09 14:48:58,603328.SH,S,12.020,200
259,59,2025-10-09,2025-10-09 14:48:46,000970.SZ,S,14.780,200
260,61,2025-10-09,2025-10-09 14:48:46,000970.SZ,S,14.780,500
261,58,2025-10-09,2025-10-09 14:48:37,000970.SZ,S,14.780,400
262,52,2025-10-09,2025-10-09 14:48:36,000970.SZ,S,14.780,100
263,58,2025-10-09,2025-10-09 14:48:29,300088.SZ,B,6.760,300
264,58,2025-10-09,2025-10-09 14:48:24,002703.SZ,B,13.870,300
265,58,2025-10-09,2025-10-09 14:48:22,002354.SZ,B,7.150,300
266,61,2025-10-09,2025-10-09 14:48:22,300394.SZ,B,164.710,200
267,61,2025-10-09,2025-10-09 14:48:15,301316.SZ,B,53.010,200
268,58,2025-10-09,2025-10-09 14:48:14,601789.SH,B,5.640,300
269,52,2025-10-09,2025-10-09 14:48:06,000703.SZ,B,6.660,100
270,52,2025-10-09,2025-10-09 14:48:02,601600.SH,S,8.670,200
271,58,2025-10-09,2025-10-09 14:48:04,603328.SH,S,12.020,300
272,63,2025-10-09,2025-10-09 14:47:59,300124.SZ,B,88.990,500
273,58,2025-10-09,2025-10-09 14:47:56,002400.SZ,B,8.570,300
274,63,2025-10-09,2025-10-09 14:47:55,600031.SH,S,23.220,200
275,52,2025-10-09,2025-10-09 14:47:37,002378.SZ,B,13.050,100
276,61,2025-10-09,2025-10-09 14:47:38,300126.SZ,S,9.600,700
277,59,2025-10-09,2025-10-09 14:47:38,300126.SZ,S,9.600,400
278,58,2025-10-09,2025-10-09 14:47:36,000514.SZ,B,5.450,300
279,58,2025-10-09,2025-10-09 14:47:36,300543.SZ,B,12.670,300
280,58,2025-10-09,2025-10-09 14:47:35,600169.SH,S,2.690,1600
281,61,2025-10-09,2025-10-09 14:47:33,603328.SH,S,12.020,1000
282,61,2025-10-09,2025-10-09 14:47:33,600330.SH,B,11.150,200
283,59,2025-10-09,2025-10-09 14:47:33,603328.SH,S,12.020,600
284,58,2025-10-09,2025-10-09 14:47:31,600052.SH,B,5.270,300
285,58,2025-10-09,2025-10-09 14:47:31,603456.SH,S,20.620,700
286,52,2025-10-09,2025-10-09 14:47:29,603456.SH,S,20.620,300
287,58,2025-10-09,2025-10-09 14:47:29,603901.SH,B,11.430,300
288,61,2025-10-09,2025-10-09 14:47:25,002207.SZ,S,8.370,1900
289,59,2025-10-09,2025-10-09 14:47:25,002207.SZ,S,8.370,1200
290,61,2025-10-09,2025-10-09 14:47:23,002918.SZ,B,16.920,200
291,58,2025-10-09,2025-10-09 14:47:22,002662.SZ,B,3.910,300
292,61,2025-10-09,2025-10-09 14:47:11,601789.SH,B,5.640,200
293,61,2025-10-09,2025-10-09 14:47:12,000810.SZ,B,13.570,200
294,58,2025-10-09,2025-10-09 14:47:04,688556.SH,B,11.170,600
295,52,2025-10-09,2025-10-09 14:47:02,688556.SH,B,11.170,415
296,61,2025-10-09,2025-10-09 14:47:02,300890.SZ,B,33.570,400
297,52,2025-10-09,2025-10-09 14:47:00,300274.SZ,B,158.980,100
298,63,2025-10-09,2025-10-09 14:47:01,002414.SZ,S,12.840,100
299,58,2025-10-09,2025-10-09 14:47:01,002172.SZ,B,4.050,100
300,58,2025-10-09,2025-10-09 14:47:01,002172.SZ,B,4.050,100
301,58,2025-10-09,2025-10-09 14:47:01,002172.SZ,B,4.050,100
302,58,2025-10-09,2025-10-09 14:47:01,601598.SH,B,6.450,300
303,52,2025-10-09,2025-10-09 14:47:00,002414.SZ,S,12.840,100
304,59,2025-10-09,2025-10-09 14:46:58,603456.SH,S,20.590,400
305,61,2025-10-09,2025-10-09 14:46:56,603456.SH,S,20.590,700
306,58,2025-10-09,2025-10-09 14:46:55,002837.SZ,B,77.680,200
307,61,2025-10-09,2025-10-09 14:43:57,002491.SZ,B,5.440,200
308,58,2025-10-09,2025-10-09 14:43:30,600169.SH,S,2.690,100
309,52,2025-10-09,2025-10-09 14:43:29,600169.SH,S,2.690,100
310,61,2025-10-09,2025-10-09 14:43:20,002146.SZ,B,1.630,200
311,61,2025-10-09,2025-10-09 14:43:17,688556.SH,B,11.240,400
312,61,2025-10-09,2025-10-09 14:43:08,601113.SH,B,4.180,200
313,61,2025-10-09,2025-10-09 14:43:08,002097.SZ,S,12.590,100
314,61,2025-10-09,2025-10-09 14:43:08,002097.SZ,S,12.590,100
315,59,2025-10-09,2025-10-09 14:43:08,002097.SZ,S,12.590,100
316,58,2025-10-09,2025-10-09 14:43:08,601616.SH,S,4.080,100
317,58,2025-10-09,2025-10-09 14:43:07,300478.SZ,S,25.050,200
318,52,2025-10-09,2025-10-09 14:43:07,601616.SH,B,4.090,100
319,52,2025-10-09,2025-10-09 14:43:07,002491.SZ,B,5.440,100
320,63,2025-10-09,2025-10-09 14:43:07,601669.SH,S,5.780,900
321,61,2025-10-09,2025-10-09 14:43:00,600699.SH,B,34.260,100
322,61,2025-10-09,2025-10-09 14:43:00,002902.SZ,S,24.110,200
323,52,2025-10-09,2025-10-09 14:42:55,601279.SH,B,4.170,100
324,61,2025-10-09,2025-10-09 14:42:47,600337.SH,B,2.270,200
325,52,2025-10-09,2025-10-09 14:42:47,000926.SZ,B,2.570,100
326,61,2025-10-09,2025-10-09 14:42:46,601616.SH,B,4.090,200
327,61,2025-10-09,2025-10-09 14:42:46,000882.SZ,B,1.990,200
328,59,2025-10-09,2025-10-09 14:42:46,601616.SH,B,4.090,300
329,61,2025-10-09,2025-10-09 14:42:25,603002.SH,S,7.810,100
330,59,2025-10-09,2025-10-09 14:41:47,002837.SZ,B,77.640,100
331,52,2025-10-09,2025-10-09 14:41:15,002256.SZ,B,3.190,100
332,61,2025-10-09,2025-10-09 14:41:08,300478.SZ,S,25.140,100
333,61,2025-10-09,2025-10-09 14:41:08,300478.SZ,S,25.140,100
334,61,2025-10-09,2025-10-09 14:40:23,600169.SH,S,2.690,100
335,61,2025-10-09,2025-10-09 14:40:22,600416.SH,S,16.300,500
336,58,2025-10-09,2025-10-09 14:40:17,002902.SZ,S,24.160,100
337,58,2025-10-09,2025-10-09 14:40:17,300185.SZ,S,3.230,100
338,58,2025-10-09,2025-10-09 14:40:17,002902.SZ,S,24.160,100
339,58,2025-10-09,2025-10-09 14:40:17,002902.SZ,S,24.160,200
340,52,2025-10-09,2025-10-09 14:39:52,002902.SZ,S,24.160,200
341,61,2025-10-09,2025-10-09 14:40:06,600721.SH,S,9.430,600
342,61,2025-10-09,2025-10-09 14:40:06,600721.SH,S,9.430,400
343,59,2025-10-09,2025-10-09 14:40:06,600721.SH,S,9.430,600
344,59,2025-10-09,2025-10-09 14:40:04,300185.SZ,B,3.230,100
345,59,2025-10-09,2025-10-09 14:40:04,300185.SZ,B,3.230,200
346,61,2025-10-09,2025-10-09 14:39:48,002662.SZ,B,3.900,200
347,61,2025-10-09,2025-10-09 14:39:44,603328.SH,S,12.040,300
348,52,2025-10-09,2025-10-09 14:39:37,301526.SZ,B,6.260,100
349,59,2025-10-09,2025-10-09 14:39:15,601975.SH,B,3.040,300
350,52,2025-10-09,2025-10-09 14:34:55,601975.SH,B,3.040,100
351,61,2025-10-09,2025-10-09 14:39:06,600503.SH,B,3.330,100
352,61,2025-10-09,2025-10-09 14:39:06,600503.SH,B,3.330,100
353,61,2025-10-09,2025-10-09 14:38:58,688221.SH,S,14.290,431
354,58,2025-10-09,2025-10-09 14:38:53,600416.SH,S,16.320,400
355,58,2025-10-09,2025-10-09 14:38:50,002097.SZ,S,12.600,200
356,58,2025-10-09,2025-10-09 14:38:26,600721.SH,S,9.440,300
357,52,2025-10-09,2025-10-09 14:38:25,600721.SH,S,9.440,100
358,52,2025-10-09,2025-10-09 14:38:15,002146.SZ,B,1.620,100
359,63,2025-10-09,2025-10-09 14:38:01,002459.SZ,S,13.440,100
360,52,2025-10-09,2025-10-09 14:38:00,600816.SH,B,3.080,100
361,61,2025-10-09,2025-10-09 14:37:58,002066.SZ,S,15.560,200
362,52,2025-10-09,2025-10-09 14:37:54,002174.SZ,B,11.510,100
363,58,2025-10-09,2025-10-09 14:37:51,601606.SH,S,42.760,200
364,61,2025-10-09,2025-10-09 14:37:46,002400.SZ,B,8.540,200
365,52,2025-10-09,2025-10-09 14:32:48,000592.SZ,B,3.490,100
366,61,2025-10-09,2025-10-09 14:37:32,300129.SZ,B,8.260,200
367,61,2025-10-09,2025-10-09 14:37:31,600491.SH,B,3.480,200
368,61,2025-10-09,2025-10-09 14:37:23,600513.SH,B,18.940,200
369,61,2025-10-09,2025-10-09 14:37:21,002703.SZ,B,13.890,200
370,58,2025-10-09,2025-10-09 14:37:16,002317.SZ,S,16.990,300
371,52,2025-10-09,2025-10-09 14:37:14,300269.SZ,B,4.920,100
372,61,2025-10-09,2025-10-09 14:36:56,688556.SH,B,11.220,200
373,61,2025-10-09,2025-10-09 14:36:53,600026.SH,B,11.710,200
374,52,2025-10-09,2025-10-09 14:36:07,600819.SH,B,7.110,100
375,61,2025-10-09,2025-10-09 14:36:37,688221.SH,S,14.290,198
376,61,2025-10-09,2025-10-09 14:36:37,688221.SH,S,14.290,2
377,52,2025-10-09,2025-10-09 14:36:35,000725.SZ,B,4.280,100
378,52,2025-10-09,2025-10-09 14:36:34,300352.SZ,B,5.980,100
379,61,2025-10-09,2025-10-09 14:36:33,603328.SH,S,12.040,500
380,59,2025-10-09,2025-10-09 14:36:33,603328.SH,S,12.040,300
381,52,2025-10-09,2025-10-09 14:36:31,300126.SZ,B,9.650,100
382,61,2025-10-09,2025-10-09 14:36:31,002269.SZ,B,2.370,200
383,58,2025-10-09,2025-10-09 14:35:55,002066.SZ,S,15.570,200
384,58,2025-10-09,2025-10-09 14:35:54,603328.SH,S,12.040,600
385,52,2025-10-09,2025-10-09 14:35:53,603328.SH,S,12.040,200
386,52,2025-10-09,2025-10-09 14:35:52,300185.SZ,B,3.240,100
387,52,2025-10-09,2025-10-09 14:35:43,300547.SZ,S,41.880,100
388,61,2025-10-09,2025-10-09 14:35:48,688556.SH,B,11.230,76
389,61,2025-10-09,2025-10-09 14:35:47,688556.SH,B,11.230,362
390,61,2025-10-09,2025-10-09 14:35:45,002317.SZ,B,17.000,200
391,61,2025-10-09,2025-10-09 14:35:44,601020.SH,S,27.980,100
392,61,2025-10-09,2025-10-09 14:35:43,300952.SZ,S,32.540,200
393,59,2025-10-09,2025-10-09 14:35:43,300952.SZ,S,32.540,100
394,58,2025-10-09,2025-10-09 14:35:41,300952.SZ,S,32.570,200
395,61,2025-10-09,2025-10-09 14:35:34,600699.SH,B,34.220,100
396,52,2025-10-09,2025-10-09 14:35:34,002338.SZ,B,56.180,100
397,61,2025-10-09,2025-10-09 14:35:26,002902.SZ,S,24.220,300
398,59,2025-10-09,2025-10-09 14:35:26,002902.SZ,S,24.220,200
399,61,2025-10-09,2025-10-09 14:35:23,300547.SZ,S,41.880,100
400,52,2025-10-09,2025-10-09 14:35:21,603088.SH,B,11.410,100
401,61,2025-10-09,2025-10-09 14:35:20,601179.SH,S,7.050,100
402,61,2025-10-09,2025-10-09 14:35:03,603617.SH,B,7.850,100
403,61,2025-10-09,2025-10-09 14:35:02,603617.SH,B,7.850,100
404,52,2025-10-09,2025-10-09 14:34:58,002346.SZ,B,18.110,100
405,61,2025-10-09,2025-10-09 14:34:49,002346.SZ,B,18.100,200
406,61,2025-10-09,2025-10-09 14:34:44,603901.SH,B,11.480,200
407,61,2025-10-09,2025-10-09 14:34:08,600819.SH,B,7.110,200
408,59,2025-10-09,2025-10-09 14:34:07,600011.SH,S,7.260,100
409,61,2025-10-09,2025-10-09 14:33:58,600326.SH,B,12.270,100
410,61,2025-10-09,2025-10-09 14:33:58,600326.SH,B,12.270,400
411,52,2025-10-09,2025-10-09 14:33:06,002303.SZ,S,4.480,100
412,59,2025-10-09,2025-10-09 14:33:58,600326.SH,B,12.270,300
413,61,2025-10-09,2025-10-09 14:33:51,002177.SZ,B,7.580,200
414,52,2025-10-09,2025-10-09 14:33:51,600326.SH,B,12.270,100
415,52,2025-10-09,2025-10-09 14:33:49,603319.SH,B,42.000,100
416,61,2025-10-09,2025-10-09 14:33:47,300400.SZ,B,23.260,200
417,58,2025-10-09,2025-10-09 14:33:44,002378.SZ,S,12.930,400
418,61,2025-10-09,2025-10-09 14:33:44,002378.SZ,S,12.930,500
419,61,2025-10-09,2025-10-09 14:33:44,600651.SH,B,8.330,200
420,59,2025-10-09,2025-10-09 14:33:44,002378.SZ,S,12.930,100
421,52,2025-10-09,2025-10-09 14:33:42,002378.SZ,S,12.930,200
422,52,2025-10-09,2025-10-09 14:33:43,002979.SZ,B,47.160,100
423,61,2025-10-09,2025-10-09 14:33:35,600545.SH,S,2.850,100
424,61,2025-10-09,2025-10-09 14:33:29,002562.SZ,B,7.410,200
425,58,2025-10-09,2025-10-09 14:33:25,600545.SH,S,2.850,2300
426,61,2025-10-09,2025-10-09 14:33:25,600545.SH,S,2.850,2500
427,59,2025-10-09,2025-10-09 14:33:25,600545.SH,S,2.850,1000
428,52,2025-10-09,2025-10-09 14:32:43,300769.SZ,B,45.170,100
429,59,2025-10-09,2025-10-09 14:33:02,002837.SZ,B,77.720,100
430,59,2025-10-09,2025-10-09 14:33:02,002837.SZ,B,77.720,100
431,63,2025-10-09,2025-10-09 14:32:57,601606.SH,S,42.820,200
432,61,2025-10-09,2025-10-09 14:32:57,601606.SH,S,42.820,300
433,59,2025-10-09,2025-10-09 14:32:56,601606.SH,S,42.820,200
434,52,2025-10-09,2025-10-09 14:32:36,002987.SZ,B,21.570,100
435,61,2025-10-09,2025-10-09 14:32:50,600416.SH,S,16.310,600
436,59,2025-10-09,2025-10-09 14:32:50,600416.SH,S,16.310,400
437,59,2025-10-09,2025-10-09 14:32:17,601096.SH,S,4.310,100
438,61,2025-10-09,2025-10-09 14:32:07,300328.SZ,S,16.950,100
439,52,2025-10-09,2025-10-09 14:31:59,601600.SH,S,8.640,100
440,52,2025-10-09,2025-10-09 14:31:19,300592.SZ,B,10.890,100
441,58,2025-10-09,2025-10-09 14:31:52,600416.SH,S,16.310,500
442,52,2025-10-09,2025-10-09 14:31:51,600416.SH,S,16.310,400
443,61,2025-10-09,2025-10-09 14:31:47,688556.SH,B,11.190,200
444,61,2025-10-09,2025-10-09 14:31:47,688556.SH,B,11.190,209
445,61,2025-10-09,2025-10-09 14:31:46,600744.SH,B,6.390,200
446,52,2025-10-09,2025-10-09 14:31:37,002207.SZ,B,8.270,100
447,61,2025-10-09,2025-10-09 14:31:44,688556.SH,B,11.190,391
448,52,2025-10-09,2025-10-09 14:31:36,002040.SZ,B,10.110,100
449,52,2025-10-09,2025-10-09 14:31:20,601598.SH,B,6.450,100
450,59,2025-10-09,2025-10-09 14:31:32,688556.SH,B,11.190,706
451,52,2025-10-09,2025-10-09 14:31:19,002858.SZ,B,14.790,100
452,52,2025-10-09,2025-10-09 14:31:20,600545.SH,S,2.850,600
453,61,2025-10-09,2025-10-09 14:31:19,002837.SZ,B,77.960,200
454,61,2025-10-09,2025-10-09 14:31:19,002886.SZ,B,23.170,200
455,52,2025-10-09,2025-10-09 14:31:19,002584.SZ,B,9.000,100
456,61,2025-10-09,2025-10-09 14:31:16,301316.SZ,B,52.980,100
457,61,2025-10-09,2025-10-09 14:31:16,002326.SZ,B,17.270,200
458,61,2025-10-09,2025-10-09 14:31:16,301316.SZ,B,52.980,100
459,61,2025-10-09,2025-10-09 14:31:16,002303.SZ,S,4.480,300
460,61,2025-10-09,2025-10-09 14:31:15,002506.SZ,B,2.620,200
461,61,2025-10-09,2025-10-09 14:31:15,300765.SZ,B,44.000,200
462,59,2025-10-09,2025-10-09 14:31:15,002303.SZ,S,4.480,200
463,61,2025-10-09,2025-10-09 14:28:45,688221.SH,B,14.270,179
464,63,2025-10-09,2025-10-09 14:28:35,601868.SH,B,2.480,6585
465,63,2025-10-09,2025-10-09 14:28:35,601868.SH,B,2.480,5815
466,61,2025-10-09,2025-10-09 14:28:30,000717.SZ,S,2.770,100
467,58,2025-10-09,2025-10-09 14:28:30,600169.SH,S,2.680,100
468,52,2025-10-09,2025-10-09 14:28:29,600157.SH,B,1.700,100
469,52,2025-10-09,2025-10-09 14:28:29,600169.SH,S,2.680,700
470,52,2025-10-09,2025-10-09 14:28:29,002431.SZ,B,2.400,100
471,52,2025-10-09,2025-10-09 14:28:29,601018.SH,S,3.670,100
472,52,2025-10-09,2025-10-09 14:28:29,000889.SZ,B,3.530,100
473,58,2025-10-09,2025-10-09 14:28:17,002317.SZ,B,16.990,200
474,58,2025-10-09,2025-10-09 14:28:16,003040.SZ,B,20.810,200
475,63,2025-10-09,2025-10-09 14:28:15,601669.SH,B,5.770,2000
476,61,2025-10-09,2025-10-09 14:28:13,001236.SZ,B,10.980,100
477,61,2025-10-09,2025-10-09 14:28:13,001236.SZ,B,10.980,100
478,61,2025-10-09,2025-10-09 14:28:13,001236.SZ,B,10.980,100
479,61,2025-10-09,2025-10-09 14:28:13,001236.SZ,B,10.980,100
480,61,2025-10-09,2025-10-09 14:28:13,001236.SZ,B,10.980,100
481,61,2025-10-09,2025-10-09 14:28:13,001236.SZ,B,10.980,100
482,52,2025-10-09,2025-10-09 14:28:12,600239.SH,B,2.610,100
483,59,2025-10-09,2025-10-09 14:28:11,601020.SH,B,27.870,200
484,63,2025-10-09,2025-10-09 14:28:11,601669.SH,B,5.770,2100
485,58,2025-10-09,2025-10-09 14:28:09,603903.SH,B,11.920,300
486,52,2025-10-09,2025-10-09 14:28:09,600337.SH,B,2.270,100
487,61,2025-10-09,2025-10-09 14:28:08,001236.SZ,B,10.980,100
488,61,2025-10-09,2025-10-09 14:28:08,001236.SZ,B,10.980,100
489,61,2025-10-09,2025-10-09 14:28:08,001236.SZ,B,10.980,100
490,61,2025-10-09,2025-10-09 14:28:08,001236.SZ,B,10.980,100
491,61,2025-10-09,2025-10-09 14:28:08,001236.SZ,B,10.980,100
492,61,2025-10-09,2025-10-09 14:28:08,001236.SZ,B,10.980,100
493,63,2025-10-09,2025-10-09 14:28:08,601669.SH,B,5.770,2100
494,58,2025-10-09,2025-10-09 14:28:07,601616.SH,B,4.090,700
495,61,2025-10-09,2025-10-09 14:28:05,003040.SZ,B,20.810,149
496,61,2025-10-09,2025-10-09 14:28:05,003040.SZ,B,20.810,51
497,61,2025-10-09,2025-10-09 14:28:05,301235.SZ,S,33.500,100
498,61,2025-10-09,2025-10-09 14:28:04,601020.SH,B,27.870,500
499,58,2025-10-09,2025-10-09 14:28:04,001236.SZ,B,10.980,100
500,58,2025-10-09,2025-10-09 14:28:04,001236.SZ,B,10.980,100
501,58,2025-10-09,2025-10-09 14:28:04,001236.SZ,B,10.980,200
502,52,2025-10-09,2025-10-09 14:28:04,603809.SH,S,15.670,200
503,52,2025-10-09,2025-10-09 14:28:04,000564.SZ,S,2.540,100
504,58,2025-10-09,2025-10-09 14:28:03,603809.SH,S,15.670,400
505,58,2025-10-09,2025-10-09 14:28:03,603809.SH,S,15.670,200
506,61,2025-10-09,2025-10-09 14:28:02,688221.SH,B,14.270,83
507,61,2025-10-09,2025-10-09 14:27:53,000059.SZ,S,5.120,100
508,61,2025-10-09,2025-10-09 14:27:53,301086.SZ,S,79.600,100
509,61,2025-10-09,2025-10-09 14:27:48,000889.SZ,B,3.530,400
510,58,2025-10-09,2025-10-09 14:27:47,301235.SZ,S,33.510,100
511,61,2025-10-09,2025-10-09 14:27:45,601616.SH,B,4.090,400
512,61,2025-10-09,2025-10-09 14:26:30,600721.SH,B,9.450,200
513,61,2025-10-09,2025-10-09 14:26:28,603809.SH,S,15.680,500
514,61,2025-10-09,2025-10-09 14:26:28,603809.SH,S,15.680,600
515,59,2025-10-09,2025-10-09 14:26:28,603809.SH,S,15.680,500
516,61,2025-10-09,2025-10-09 14:26:26,600169.SH,S,2.680,100
517,61,2025-10-09,2025-10-09 14:26:21,301086.SZ,S,79.720,100
518,61,2025-10-09,2025-10-09 14:26:20,600721.SH,B,9.450,300
519,61,2025-10-09,2025-10-09 14:26:00,600721.SH,B,9.450,200
520,61,2025-10-09,2025-10-09 14:25:57,002246.SZ,S,22.050,200
521,52,2025-10-09,2025-10-09 14:25:30,600545.SH,S,2.850,100
522,63,2025-10-09,2025-10-09 14:25:30,000988.SZ,S,88.660,100
523,58,2025-10-09,2025-10-09 14:25:26,601020.SH,B,27.890,300
524,52,2025-10-09,2025-10-09 14:20:55,601985.SH,S,9.060,100
525,52,2025-10-09,2025-10-09 14:25:21,601020.SH,B,27.890,200
526,61,2025-10-09,2025-10-09 14:25:26,600721.SH,B,9.460,600
527,52,2025-10-09,2025-10-09 14:25:16,600326.SH,S,12.260,100
528,58,2025-10-09,2025-10-09 14:25:07,300765.SZ,B,43.850,100
529,61,2025-10-09,2025-10-09 14:25:07,300478.SZ,S,25.220,300
530,52,2025-10-09,2025-10-09 14:24:51,601975.SH,B,3.040,100
531,59,2025-10-09,2025-10-09 14:25:07,300478.SZ,S,25.220,200
532,61,2025-10-09,2025-10-09 14:25:03,601975.SH,B,3.040,400
533,58,2025-10-09,2025-10-09 14:24:56,001236.SZ,B,10.990,300
534,52,2025-10-09,2025-10-09 14:24:56,002550.SZ,B,9.100,100
535,52,2025-10-09,2025-10-09 14:24:55,001236.SZ,B,10.990,400
536,61,2025-10-09,2025-10-09 14:24:53,003040.SZ,B,20.820,200
537,63,2025-10-09,2025-10-09 14:24:40,002326.SZ,B,17.270,1800
538,61,2025-10-09,2025-10-09 14:24:40,300547.SZ,B,41.890,200
539,61,2025-10-09,2025-10-09 14:24:38,002326.SZ,B,17.270,200
540,61,2025-10-09,2025-10-09 14:24:38,600721.SH,B,9.450,100
541,63,2025-10-09,2025-10-09 14:24:37,002326.SZ,B,17.270,200
542,59,2025-10-09,2025-10-09 14:24:34,000703.SZ,S,6.660,500
543,61,2025-10-09,2025-10-09 14:24:33,600721.SH,B,9.450,100
544,61,2025-10-09,2025-10-09 14:24:32,600721.SH,B,9.450,200
545,59,2025-10-09,2025-10-09 14:24:27,003040.SZ,B,20.820,200
546,58,2025-10-09,2025-10-09 14:24:22,300854.SZ,S,20.120,300
547,61,2025-10-09,2025-10-09 14:24:22,002055.SZ,S,7.830,100
548,52,2025-10-09,2025-10-09 14:24:21,603633.SH,B,11.730,100
549,58,2025-10-09,2025-10-09 14:23:54,002491.SZ,S,5.440,800
550,52,2025-10-09,2025-10-09 14:20:41,603617.SH,B,7.860,100
551,58,2025-10-09,2025-10-09 14:23:49,600721.SH,B,9.460,1400
552,61,2025-10-09,2025-10-09 14:23:48,600721.SH,B,9.450,400
553,52,2025-10-09,2025-10-09 14:23:48,600721.SH,B,9.460,400
554,58,2025-10-09,2025-10-09 14:23:32,300185.SZ,B,3.230,700
555,52,2025-10-09,2025-10-09 14:19:44,300185.SZ,B,3.230,100
556,52,2025-10-09,2025-10-09 14:23:27,000509.SZ,S,3.220,100
557,52,2025-10-09,2025-10-09 14:23:24,002484.SZ,S,32.020,400
558,61,2025-10-09,2025-10-09 14:23:14,002491.SZ,S,5.440,2300
559,59,2025-10-09,2025-10-09 14:23:15,002491.SZ,S,5.440,900
560,61,2025-10-09,2025-10-09 14:23:13,300185.SZ,B,3.230,400
561,52,2025-10-09,2025-10-09 14:22:34,600595.SH,B,5.450,100
562,61,2025-10-09,2025-10-09 14:23:02,000703.SZ,S,6.660,900
563,61,2025-10-09,2025-10-09 14:23:01,603256.SH,S,34.780,100
564,61,2025-10-09,2025-10-09 14:22:54,000703.SZ,S,6.660,200
565,61,2025-10-09,2025-10-09 14:22:53,603903.SH,B,11.920,900
566,52,2025-10-09,2025-10-09 14:21:45,000703.SZ,S,6.660,500
567,52,2025-10-09,2025-10-09 14:22:50,300547.SZ,B,41.910,100
568,52,2025-10-09,2025-10-09 14:21:45,000703.SZ,S,6.660,200
569,59,2025-10-09,2025-10-09 14:22:39,600721.SH,B,9.460,1100
570,52,2025-10-09,2025-10-09 14:22:36,003816.SZ,S,3.780,200
571,52,2025-10-09,2025-10-09 14:22:35,603101.SH,S,10.390,100
572,58,2025-10-09,2025-10-09 14:22:25,002276.SZ,S,18.470,100
573,52,2025-10-09,2025-10-09 14:21:33,002015.SZ,B,12.010,100
574,58,2025-10-09,2025-10-09 14:22:18,603903.SH,B,11.950,400
575,52,2025-10-09,2025-10-09 14:22:17,603903.SH,B,11.950,400
576,52,2025-10-09,2025-10-09 14:22:09,002207.SZ,S,8.250,300
577,52,2025-10-09,2025-10-09 14:22:02,002027.SZ,S,7.890,100
578,61,2025-10-09,2025-10-09 14:21:54,603809.SH,S,15.730,1100
579,52,2025-10-09,2025-10-09 14:21:47,300164.SZ,B,5.760,100
580,58,2025-10-09,2025-10-09 14:21:46,000703.SZ,S,6.660,900
581,61,2025-10-09,2025-10-09 14:21:44,688221.SH,B,14.300,600
582,59,2025-10-09,2025-10-09 14:21:43,600675.SH,S,2.910,100
583,61,2025-10-09,2025-10-09 14:21:35,601020.SH,B,27.970,600
584,58,2025-10-09,2025-10-09 14:21:35,601020.SH,B,27.970,400
585,58,2025-10-09,2025-10-09 14:21:33,002148.SZ,S,9.610,100
586,59,2025-10-09,2025-10-09 14:21:31,603903.SH,B,11.950,500
587,58,2025-10-09,2025-10-09 14:21:29,002148.SZ,S,9.610,100
588,52,2025-10-09,2025-10-09 14:21:23,603809.SH,S,15.720,300
589,52,2025-10-09,2025-10-09 14:21:23,603809.SH,S,15.720,100
590,59,2025-10-09,2025-10-09 14:21:28,601020.SH,B,27.980,700
591,61,2025-10-09,2025-10-09 14:21:26,603903.SH,B,11.950,500
592,61,2025-10-09,2025-10-09 14:21:26,002148.SZ,S,9.600,200
593,59,2025-10-09,2025-10-09 14:21:26,000889.SZ,S,3.530,200
594,52,2025-10-09,2025-10-09 14:21:11,603225.SH,B,16.010,100
595,61,2025-10-09,2025-10-09 14:21:07,002484.SZ,S,32.230,1700
596,63,2025-10-09,2025-10-09 14:21:07,002484.SZ,S,32.230,600
597,59,2025-10-09,2025-10-09 14:21:07,002484.SZ,S,32.230,500
598,61,2025-10-09,2025-10-09 14:21:04,002707.SZ,S,7.130,100
599,58,2025-10-09,2025-10-09 14:21:02,300765.SZ,B,43.820,100
600,58,2025-10-09,2025-10-09 14:21:02,300765.SZ,B,43.820,100
601,52,2025-10-09,2025-10-09 14:17:09,300057.SZ,B,6.300,100
602,59,2025-10-09,2025-10-09 14:21:00,603809.SH,S,15.730,400
603,58,2025-10-09,2025-10-09 14:21:00,603809.SH,S,15.730,1400
604,59,2025-10-09,2025-10-09 14:20:55,603328.SH,S,12.060,100
605,58,2025-10-09,2025-10-09 14:20:54,603083.SH,S,115.220,100
606,63,2025-10-09,2025-10-09 14:20:50,600406.SH,S,23.450,300
607,52,2025-10-09,2025-10-09 14:20:01,002662.SZ,S,3.900,100
608,59,2025-10-09,2025-10-09 14:20:46,300765.SZ,B,43.800,200
609,52,2025-10-09,2025-10-09 14:20:35,000987.SZ,B,7.850,100
610,52,2025-10-09,2025-10-09 14:18:00,002674.SZ,B,15.570,100
611,59,2025-10-09,2025-10-09 14:20:39,002146.SZ,B,1.620,200
612,58,2025-10-09,2025-10-09 14:20:37,002558.SZ,B,42.400,600
613,52,2025-10-09,2025-10-09 14:20:34,002146.SZ,S,1.620,100
614,61,2025-10-09,2025-10-09 14:20:33,603328.SH,S,12.060,300
615,58,2025-10-09,2025-10-09 14:20:30,002066.SZ,S,15.600,100
616,58,2025-10-09,2025-10-09 14:20:28,002066.SZ,S,15.600,100
617,58,2025-10-09,2025-10-09 14:20:28,002066.SZ,S,15.600,200
618,61,2025-10-09,2025-10-09 14:20:27,300861.SZ,S,17.630,100
619,61,2025-10-09,2025-10-09 14:20:26,301235.SZ,S,33.650,300
620,58,2025-10-09,2025-10-09 14:20:26,301235.SZ,S,33.650,200
621,59,2025-10-09,2025-10-09 14:20:26,301235.SZ,S,33.650,100
622,59,2025-10-09,2025-10-09 14:20:26,301235.SZ,S,33.650,100
623,52,2025-10-09,2025-10-09 14:20:25,301235.SZ,S,33.650,100
624,61,2025-10-09,2025-10-09 14:20:21,301086.SZ,S,79.720,100
625,59,2025-10-09,2025-10-09 14:20:21,301086.SZ,S,79.720,100
626,52,2025-10-09,2025-10-09 14:20:15,002703.SZ,S,13.950,100
627,59,2025-10-09,2025-10-09 14:20:09,001236.SZ,B,10.990,200
628,61,2025-10-09,2025-10-09 14:20:02,601020.SH,B,28.040,200
629,61,2025-10-09,2025-10-09 14:20:02,601020.SH,B,28.040,400
630,52,2025-10-09,2025-10-09 14:19:57,002624.SZ,S,18.460,100
631,61,2025-10-09,2025-10-09 14:19:53,300854.SZ,S,20.160,300
632,61,2025-10-09,2025-10-09 14:19:39,002276.SZ,S,18.500,200
633,59,2025-10-09,2025-10-09 14:19:39,002276.SZ,S,18.500,100
634,52,2025-10-09,2025-10-09 14:18:28,300199.SZ,B,21.730,100
635,61,2025-10-09,2025-10-09 14:19:28,002066.SZ,S,15.630,400
636,58,2025-10-09,2025-10-09 14:19:28,002558.SZ,B,42.510,100
637,61,2025-10-09,2025-10-09 14:19:25,002624.SZ,B,18.440,200
638,61,2025-10-09,2025-10-09 14:19:23,002046.SZ,S,26.490,100
639,61,2025-10-09,2025-10-09 14:19:20,300723.SZ,B,56.110,200
640,61,2025-10-09,2025-10-09 14:19:20,002456.SZ,S,13.500,300
641,59,2025-10-09,2025-10-09 14:19:20,002456.SZ,S,13.500,100
642,61,2025-10-09,2025-10-09 14:19:17,002232.SZ,S,21.440,400
643,59,2025-10-09,2025-10-09 14:19:18,002232.SZ,S,21.440,200
644,61,2025-10-09,2025-10-09 14:19:11,600623.SH,S,8.870,100
645,61,2025-10-09,2025-10-09 14:19:09,002518.SZ,B,42.650,200
646,52,2025-10-09,2025-10-09 14:17:00,002548.SZ,B,5.030,100
647,58,2025-10-09,2025-10-09 14:19:05,002456.SZ,S,13.490,100
648,52,2025-10-09,2025-10-09 14:19:04,002456.SZ,S,13.490,100
649,52,2025-10-09,2025-10-09 14:19:03,002960.SZ,B,12.810,100
650,61,2025-10-09,2025-10-09 14:19:03,600239.SH,B,2.610,100
651,61,2025-10-09,2025-10-09 14:19:03,600239.SH,B,2.610,300
652,58,2025-10-09,2025-10-09 14:19:00,600665.SH,S,3.240,100
653,61,2025-10-09,2025-10-09 14:19:00,600665.SH,S,3.240,100
654,58,2025-10-09,2025-10-09 14:18:58,002232.SZ,S,21.440,300
655,52,2025-10-09,2025-10-09 14:18:57,002232.SZ,S,21.440,100
656,52,2025-10-09,2025-10-09 14:18:56,301210.SZ,S,48.920,100
657,58,2025-10-09,2025-10-09 14:18:56,300478.SZ,S,25.190,200
658,52,2025-10-09,2025-10-09 14:18:50,300478.SZ,S,25.190,100
659,52,2025-10-09,2025-10-09 14:18:32,000676.SZ,B,9.970,100
660,52,2025-10-09,2025-10-09 14:17:00,300135.SZ,B,4.390,100
661,61,2025-10-09,2025-10-09 14:18:36,300469.SZ,S,74.810,100
662,61,2025-10-09,2025-10-09 14:18:30,002871.SZ,B,16.000,200
663,59,2025-10-09,2025-10-09 14:18:30,002871.SZ,B,16.000,200
664,58,2025-10-09,2025-10-09 14:18:31,002491.SZ,S,5.450,1300
665,52,2025-10-09,2025-10-09 14:18:12,002491.SZ,S,5.450,800
666,52,2025-10-09,2025-10-09 14:18:26,300421.SZ,B,18.630,100
667,61,2025-10-09,2025-10-09 14:18:13,000560.SZ,S,3.030,100
668,59,2025-10-09,2025-10-09 14:18:13,000560.SZ,S,3.030,100
669,58,2025-10-09,2025-10-09 14:17:54,603328.SH,S,12.060,200
670,52,2025-10-09,2025-10-09 14:17:53,603328.SH,S,12.060,200
671,61,2025-10-09,2025-10-09 14:17:51,603811.SH,S,12.650,100
672,58,2025-10-09,2025-10-09 14:17:48,003040.SZ,B,20.870,500
673,63,2025-10-09,2025-10-09 14:17:45,000002.SZ,S,6.790,3800
674,61,2025-10-09,2025-10-09 14:17:43,300547.SZ,B,42.040,100
675,61,2025-10-09,2025-10-09 14:17:43,300547.SZ,B,42.040,100
676,63,2025-10-09,2025-10-09 14:17:42,000988.SZ,S,88.940,200
677,52,2025-10-09,2025-10-09 14:17:00,000069.SZ,B,2.590,100
678,63,2025-10-09,2025-10-09 14:17:35,603259.SH,S,112.940,200
679,58,2025-10-09,2025-10-09 14:17:34,601020.SH,B,28.020,700
680,52,2025-10-09,2025-10-09 14:17:06,601020.SH,B,28.020,400
681,52,2025-10-09,2025-10-09 14:17:31,300769.SZ,S,45.530,100
682,61,2025-10-09,2025-10-09 14:17:28,300993.SZ,S,18.320,100
683,58,2025-10-09,2025-10-09 14:17:26,300765.SZ,B,44.020,200
684,58,2025-10-09,2025-10-09 14:17:26,300765.SZ,B,44.020,200
685,58,2025-10-09,2025-10-09 14:17:25,002317.SZ,B,17.010,500
686,52,2025-10-09,2025-10-09 14:17:21,002317.SZ,B,17.010,100
687,58,2025-10-09,2025-10-09 14:17:07,002484.SZ,S,32.520,500
688,58,2025-10-09,2025-10-09 14:17:08,301086.SZ,S,79.670,200
689,58,2025-10-09,2025-10-09 14:17:06,002484.SZ,S,32.510,800
690,61,2025-10-09,2025-10-09 14:17:05,600967.SH,B,18.680,200
691,52,2025-10-09,2025-10-09 14:17:00,600026.SH,B,11.620,100
692,59,2025-10-09,2025-10-09 14:16:59,002303.SZ,B,4.480,200
693,61,2025-10-09,2025-10-09 14:16:57,002558.SZ,B,42.400,200
694,61,2025-10-09,2025-10-09 14:16:57,000402.SZ,S,3.040,100
695,61,2025-10-09,2025-10-09 14:16:57,002303.SZ,B,4.480,200
696,63,2025-10-09,2025-10-09 14:13:53,600010.SH,S,2.550,7400
697,52,2025-10-09,2025-10-09 14:13:46,601991.SH,S,3.530,400
698,52,2025-10-09,2025-10-09 14:13:29,600169.SH,B,2.690,200
699,58,2025-10-09,2025-10-09 14:13:17,002245.SZ,B,19.900,700
700,58,2025-10-09,2025-10-09 14:13:16,601872.SH,B,8.250,600
701,58,2025-10-09,2025-10-09 14:13:08,600691.SH,S,3.010,1200
702,52,2025-10-09,2025-10-09 14:13:07,600691.SH,S,3.010,300
703,52,2025-10-09,2025-10-09 14:13:07,000751.SZ,B,4.010,200
704,52,2025-10-09,2025-10-09 14:13:06,000564.SZ,B,2.550,200
705,63,2025-10-09,2025-10-09 14:13:02,600938.SH,B,26.350,200
706,61,2025-10-09,2025-10-09 14:13:02,601872.SH,B,8.250,1700
707,59,2025-10-09,2025-10-09 14:13:02,601872.SH,B,8.250,1400
708,52,2025-10-09,2025-10-09 14:13:01,601216.SH,B,5.280,200
709,63,2025-10-09,2025-10-09 14:13:00,300421.SZ,S,18.640,300
710,61,2025-10-09,2025-10-09 14:13:00,002245.SZ,B,19.900,1100
711,61,2025-10-09,2025-10-09 14:13:00,300421.SZ,S,18.640,300
712,59,2025-10-09,2025-10-09 14:13:00,002245.SZ,B,19.900,600
713,52,2025-10-09,2025-10-09 14:12:59,600016.SH,S,3.940,100
714,52,2025-10-09,2025-10-09 14:12:55,600326.SH,B,12.290,200
715,63,2025-10-09,2025-10-09 14:12:47,600169.SH,S,2.680,7900
716,58,2025-10-09,2025-10-09 14:12:45,002148.SZ,S,9.620,500
717,52,2025-10-09,2025-10-09 14:08:42,002148.SZ,S,9.620,200
718,58,2025-10-09,2025-10-09 14:12:40,002707.SZ,S,7.130,600
719,61,2025-10-09,2025-10-09 14:12:40,002707.SZ,S,7.130,700
720,59,2025-10-09,2025-10-09 14:12:40,002707.SZ,S,7.130,300
721,61,2025-10-09,2025-10-09 14:12:28,002148.SZ,S,9.620,100
722,59,2025-10-09,2025-10-09 14:12:28,002148.SZ,S,9.620,300
723,61,2025-10-09,2025-10-09 14:12:26,002148.SZ,S,9.620,500
724,63,2025-10-09,2025-10-09 14:12:25,002624.SZ,S,18.400,100
725,63,2025-10-09,2025-10-09 14:12:25,002624.SZ,S,18.400,300
726,63,2025-10-09,2025-10-09 14:12:25,002624.SZ,S,18.400,100
727,63,2025-10-09,2025-10-09 14:12:25,002624.SZ,S,18.400,100
728,63,2025-10-09,2025-10-09 14:12:25,002624.SZ,S,18.400,100
729,61,2025-10-09,2025-10-09 14:12:02,300135.SZ,S,4.390,200
730,61,2025-10-09,2025-10-09 14:12:02,002276.SZ,S,18.520,200
731,52,2025-10-09,2025-10-09 14:08:40,002707.SZ,S,7.130,200
732,52,2025-10-09,2025-10-09 14:10:04,002662.SZ,B,3.900,200
733,58,2025-10-09,2025-10-09 14:11:07,300854.SZ,S,20.130,100
734,63,2025-10-09,2025-10-09 14:10:38,603259.SH,B,112.850,100
735,63,2025-10-09,2025-10-09 14:10:31,603083.SH,S,115.340,100
736,61,2025-10-09,2025-10-09 14:10:31,603083.SH,S,115.340,100
737,63,2025-10-09,2025-10-09 14:10:31,603083.SH,S,115.340,100
738,58,2025-10-09,2025-10-09 14:10:29,002491.SZ,S,5.450,500
739,52,2025-10-09,2025-10-09 14:08:42,002491.SZ,S,5.450,200
740,61,2025-10-09,2025-10-09 14:10:09,603809.SH,S,15.730,30
741,61,2025-10-09,2025-10-09 14:10:09,603809.SH,S,15.730,270
742,59,2025-10-09,2025-10-09 14:10:00,600744.SH,S,6.400,100
743,61,2025-10-09,2025-10-09 14:09:58,600000.SH,B,11.790,300
744,63,2025-10-09,2025-10-09 14:09:57,600406.SH,B,23.450,200
745,63,2025-10-09,2025-10-09 14:09:57,600406.SH,B,23.450,100
746,63,2025-10-09,2025-10-09 14:09:56,600406.SH,B,23.450,100
747,58,2025-10-09,2025-10-09 14:09:54,600744.SH,S,6.400,300
748,52,2025-10-09,2025-10-09 14:09:53,600744.SH,S,6.400,100
749,61,2025-10-09,2025-10-09 14:09:52,002858.SZ,B,14.810,100
750,52,2025-10-09,2025-10-09 14:09:52,002146.SZ,B,1.620,200
751,58,2025-10-09,2025-10-09 14:09:26,601872.SH,B,8.230,1600
752,58,2025-10-09,2025-10-09 14:09:26,601872.SH,B,8.230,100
753,58,2025-10-09,2025-10-09 14:09:26,601872.SH,B,8.230,1000
754,58,2025-10-09,2025-10-09 14:09:26,601872.SH,B,8.230,900
755,58,2025-10-09,2025-10-09 14:09:26,601872.SH,B,8.230,600
756,58,2025-10-09,2025-10-09 14:09:26,601872.SH,B,8.230,400
757,58,2025-10-09,2025-10-09 14:09:26,601872.SH,B,8.230,500
758,58,2025-10-09,2025-10-09 14:09:26,601872.SH,B,8.230,1800
759,58,2025-10-09,2025-10-09 14:09:26,601872.SH,B,8.230,100
760,58,2025-10-09,2025-10-09 14:09:26,601872.SH,B,8.230,600
761,58,2025-10-09,2025-10-09 14:09:26,601872.SH,B,8.230,200
762,58,2025-10-09,2025-10-09 14:09:26,601872.SH,B,8.230,800
763,63,2025-10-09,2025-10-09 14:09:15,002207.SZ,S,8.260,700
764,63,2025-10-09,2025-10-09 14:09:14,603259.SH,B,112.820,100
765,63,2025-10-09,2025-10-09 14:09:14,603259.SH,B,112.820,200
766,61,2025-10-09,2025-10-09 14:08:54,300765.SZ,B,44.000,300
767,61,2025-10-09,2025-10-09 14:08:47,002491.SZ,S,5.440,700
768,59,2025-10-09,2025-10-09 14:08:47,002491.SZ,S,5.440,200
769,58,2025-10-09,2025-10-09 14:08:44,002066.SZ,S,15.670,300
770,58,2025-10-09,2025-10-09 14:08:40,603063.SH,S,36.110,100
771,52,2025-10-09,2025-10-09 14:08:35,601872.SH,B,8.230,400
772,52,2025-10-09,2025-10-09 14:08:35,601872.SH,B,8.230,600
773,61,2025-10-09,2025-10-09 14:08:34,688629.SH,B,96.300,180
774,61,2025-10-09,2025-10-09 14:08:34,688629.SH,B,96.300,200
775,52,2025-10-09,2025-10-09 14:07:52,300765.SZ,B,44.040,200
776,61,2025-10-09,2025-10-09 14:08:23,603809.SH,S,15.760,100
777,61,2025-10-09,2025-10-09 14:08:23,603809.SH,S,15.760,100
778,52,2025-10-09,2025-10-09 14:08:16,600595.SH,S,5.450,100
779,63,2025-10-09,2025-10-09 14:08:16,300421.SZ,S,18.710,200
780,61,2025-10-09,2025-10-09 14:08:09,300421.SZ,S,18.710,200
781,61,2025-10-09,2025-10-09 14:08:04,600691.SH,S,3.010,1500
782,63,2025-10-09,2025-10-09 14:08:03,300421.SZ,S,18.700,200
783,59,2025-10-09,2025-10-09 14:08:04,600691.SH,S,3.010,500
784,58,2025-10-09,2025-10-09 14:07:58,600000.SH,B,11.790,1500
785,63,2025-10-09,2025-10-09 14:07:55,002562.SZ,S,7.410,1200
786,59,2025-10-09,2025-10-09 14:07:53,300421.SZ,S,18.690,100
787,58,2025-10-09,2025-10-09 14:07:52,300421.SZ,S,18.690,200
788,52,2025-10-09,2025-10-09 14:07:52,002027.SZ,B,7.900,200
789,52,2025-10-09,2025-10-09 14:07:52,300421.SZ,S,18.690,200
790,58,2025-10-09,2025-10-09 14:07:51,002245.SZ,B,19.920,1000
791,61,2025-10-09,2025-10-09 14:07:48,002066.SZ,S,15.530,300
792,61,2025-10-09,2025-10-09 14:07:46,002066.SZ,S,15.530,100
793,52,2025-10-09,2025-10-09 14:07:43,003816.SZ,B,3.780,200
794,61,2025-10-09,2025-10-09 14:07:39,002055.SZ,S,7.850,200
795,59,2025-10-09,2025-10-09 14:07:39,002055.SZ,S,7.850,100
796,61,2025-10-09,2025-10-09 14:07:07,002232.SZ,S,21.450,200
797,59,2025-10-09,2025-10-09 14:07:08,002558.SZ,B,42.760,200
798,58,2025-10-09,2025-10-09 14:07:07,002177.SZ,S,7.590,100
799,61,2025-10-09,2025-10-09 14:07:03,003040.SZ,B,20.810,200
800,59,2025-10-09,2025-10-09 14:06:59,002232.SZ,S,21.460,100
801,58,2025-10-09,2025-10-09 14:06:59,002232.SZ,S,21.460,200
802,52,2025-10-09,2025-10-09 14:06:58,002232.SZ,S,21.460,100
803,58,2025-10-09,2025-10-09 14:06:55,002053.SZ,S,12.700,200
804,63,2025-10-09,2025-10-09 14:06:46,600276.SH,S,70.880,300
805,61,2025-10-09,2025-10-09 14:06:42,601872.SH,B,8.220,1700
806,59,2025-10-09,2025-10-09 14:06:42,601872.SH,B,8.220,1400
807,61,2025-10-09,2025-10-09 14:06:33,002739.SZ,S,11.330,600
808,59,2025-10-09,2025-10-09 14:06:32,002739.SZ,S,11.330,200
809,59,2025-10-09,2025-10-09 14:06:31,603809.SH,S,15.780,100
810,63,2025-10-09,2025-10-09 14:06:27,002674.SZ,S,15.660,100
811,61,2025-10-09,2025-10-09 14:06:25,601872.SH,B,8.230,1700
812,61,2025-10-09,2025-10-09 14:06:25,002558.SZ,B,42.740,100
813,59,2025-10-09,2025-10-09 14:06:25,601872.SH,B,8.230,300
814,59,2025-10-09,2025-10-09 14:06:25,601872.SH,B,8.230,1100
815,61,2025-10-09,2025-10-09 14:06:22,002021.SZ,S,3.090,16200
816,59,2025-10-09,2025-10-09 14:06:22,002021.SZ,S,3.090,6200
817,58,2025-10-09,2025-10-09 14:06:21,002021.SZ,S,3.090,807
818,58,2025-10-09,2025-10-09 14:06:21,002021.SZ,S,3.090,600
819,58,2025-10-09,2025-10-09 14:06:21,002021.SZ,S,3.090,300
820,58,2025-10-09,2025-10-09 14:06:21,002021.SZ,S,3.090,4500
821,58,2025-10-09,2025-10-09 14:06:21,002021.SZ,S,3.090,500
822,58,2025-10-09,2025-10-09 14:06:21,002021.SZ,S,3.090,2000
823,58,2025-10-09,2025-10-09 14:06:21,002021.SZ,S,3.090,4893
824,52,2025-10-09,2025-10-09 14:06:20,002021.SZ,S,3.090,3300
825,61,2025-10-09,2025-10-09 14:06:10,002558.SZ,B,42.740,100
826,58,2025-10-09,2025-10-09 14:06:10,603809.SH,S,15.770,300
827,52,2025-10-09,2025-10-09 14:06:10,603809.SH,S,15.770,200
828,52,2025-10-09,2025-10-09 14:06:10,603809.SH,S,15.770,100
829,58,2025-10-09,2025-10-09 14:06:05,300568.SZ,S,14.960,500
830,52,2025-10-09,2025-10-09 14:06:04,300568.SZ,S,14.960,200
831,61,2025-10-09,2025-10-09 14:06:02,600665.SH,S,3.220,100
832,52,2025-10-09,2025-10-09 14:05:18,600665.SH,S,3.220,100
833,61,2025-10-09,2025-10-09 14:05:57,002245.SZ,B,19.940,200
834,63,2025-10-09,2025-10-09 14:05:56,002703.SZ,S,13.890,500
835,58,2025-10-09,2025-10-09 14:05:56,002066.SZ,S,15.420,300
836,58,2025-10-09,2025-10-09 14:05:56,002066.SZ,S,15.420,100
837,52,2025-10-09,2025-10-09 14:02:22,300769.SZ,S,45.440,100
838,58,2025-10-09,2025-10-09 14:05:54,000703.SZ,S,6.680,100
839,52,2025-10-09,2025-10-09 14:05:51,000703.SZ,S,6.680,300
840,63,2025-10-09,2025-10-09 14:05:52,600938.SH,B,26.350,600
841,59,2025-10-09,2025-10-09 14:05:52,301133.SZ,S,29.140,100
842,59,2025-10-09,2025-10-09 14:05:49,002245.SZ,B,19.940,300
843,58,2025-10-09,2025-10-09 14:05:49,002739.SZ,S,11.330,500
844,61,2025-10-09,2025-10-09 14:05:48,603063.SH,S,36.250,100
845,61,2025-10-09,2025-10-09 14:05:48,603063.SH,S,36.250,100
846,59,2025-10-09,2025-10-09 14:05:48,603063.SH,S,36.250,100
847,52,2025-10-09,2025-10-09 14:05:48,002739.SZ,S,11.330,100
848,63,2025-10-09,2025-10-09 14:05:43,000338.SZ,B,14.320,2400
849,63,2025-10-09,2025-10-09 14:05:38,601872.SH,S,8.220,900
850,61,2025-10-09,2025-10-09 14:05:34,002066.SZ,S,15.420,500
851,59,2025-10-09,2025-10-09 14:05:34,002066.SZ,S,15.420,400
852,63,2025-10-09,2025-10-09 14:05:25,002624.SZ,S,18.490,100
853,63,2025-10-09,2025-10-09 14:05:25,002624.SZ,S,18.490,400
854,59,2025-10-09,2025-10-09 14:05:22,000889.SZ,B,3.530,400
855,52,2025-10-09,2025-10-09 14:05:18,003040.SZ,B,20.800,200
856,58,2025-10-09,2025-10-09 14:05:22,002276.SZ,S,18.540,500
857,61,2025-10-09,2025-10-09 14:05:18,600239.SH,B,2.600,100
858,58,2025-10-09,2025-10-09 14:05:19,002276.SZ,S,18.540,100
859,52,2025-10-09,2025-10-09 14:03:59,002276.SZ,S,18.540,100
860,52,2025-10-09,2025-10-09 14:03:59,002276.SZ,S,18.540,100
861,52,2025-10-09,2025-10-09 14:01:20,601018.SH,B,3.670,200
862,61,2025-10-09,2025-10-09 14:05:14,002317.SZ,B,17.000,100
863,52,2025-10-09,2025-10-09 14:05:12,002558.SZ,B,42.750,100
864,52,2025-10-09,2025-10-09 14:04:42,002703.SZ,B,13.880,100
865,58,2025-10-09,2025-10-09 14:05:06,002245.SZ,B,19.930,900
866,58,2025-10-09,2025-10-09 14:05:05,002245.SZ,B,19.930,400
867,52,2025-10-09,2025-10-09 14:04:42,002703.SZ,B,13.880,100
868,52,2025-10-09,2025-10-09 14:04:16,300765.SZ,B,44.170,200
869,59,2025-10-09,2025-10-09 14:04:39,300861.SZ,S,17.670,100
870,52,2025-10-09,2025-10-09 14:03:59,601616.SH,B,4.090,200
871,58,2025-10-09,2025-10-09 14:04:27,300135.SZ,S,4.390,100
872,52,2025-10-09,2025-10-09 14:01:20,300135.SZ,S,4.390,100
873,52,2025-10-09,2025-10-09 14:04:25,603101.SH,B,10.400,200
874,61,2025-10-09,2025-10-09 14:04:24,603101.SH,B,10.400,200
875,59,2025-10-09,2025-10-09 14:04:17,600651.SH,B,8.350,400
876,52,2025-10-09,2025-10-09 14:04:04,300018.SZ,S,9.570,200
877,63,2025-10-09,2025-10-09 14:04:03,002400.SZ,S,8.550,400
878,52,2025-10-09,2025-10-09 14:04:03,000338.SZ,S,14.310,100
879,59,2025-10-09,2025-10-09 14:04:01,300192.SZ,S,18.500,100
880,61,2025-10-09,2025-10-09 14:03:59,002276.SZ,S,18.540,500
881,63,2025-10-09,2025-10-09 14:03:59,002276.SZ,S,18.540,200
882,59,2025-10-09,2025-10-09 14:03:59,002276.SZ,S,18.540,300
883,52,2025-10-09,2025-10-09 14:03:58,002624.SZ,B,18.480,200
884,63,2025-10-09,2025-10-09 14:03:55,600673.SH,S,23.300,100
885,58,2025-10-09,2025-10-09 14:03:48,300018.SZ,S,9.580,700
886,58,2025-10-09,2025-10-09 14:03:46,300861.SZ,S,17.640,100
887,58,2025-10-09,2025-10-09 14:03:39,002634.SZ,S,4.930,100
888,52,2025-10-09,2025-10-09 14:03:33,002518.SZ,S,42.870,100
889,59,2025-10-09,2025-10-09 14:03:32,002053.SZ,S,12.710,100
890,61,2025-10-09,2025-10-09 14:03:30,688352.SH,S,14.900,539
891,59,2025-10-09,2025-10-09 14:03:30,688352.SH,S,14.900,208
892,52,2025-10-09,2025-10-09 14:03:15,600801.SH,B,18.180,200
893,61,2025-10-09,2025-10-09 14:03:22,601515.SH,S,4.550,100
894,58,2025-10-09,2025-10-09 14:03:18,002055.SZ,S,7.840,100
895,52,2025-10-09,2025-10-09 14:02:36,002055.SZ,S,7.840,100
896,61,2025-10-09,2025-10-09 14:03:07,688062.SH,B,47.660,327
897,52,2025-10-09,2025-10-09 14:03:00,603083.SH,S,115.690,100
898,61,2025-10-09,2025-10-09 14:02:59,000875.SZ,S,6.280,400
899,59,2025-10-09,2025-10-09 14:02:59,000875.SZ,S,6.280,400
900,61,2025-10-09,2025-10-09 14:02:58,688333.SH,S,76.970,200
901,63,2025-10-09,2025-10-09 14:02:57,600416.SH,S,16.220,104
902,63,2025-10-09,2025-10-09 14:02:57,600416.SH,S,16.220,296
903,61,2025-10-09,2025-10-09 14:02:53,002053.SZ,B,12.700,100
904,61,2025-10-09,2025-10-09 14:02:49,300765.SZ,B,44.120,100
905,61,2025-10-09,2025-10-09 14:02:48,300765.SZ,B,44.120,100
906,59,2025-10-09,2025-10-09 14:02:44,300018.SZ,S,9.590,300
907,52,2025-10-09,2025-10-09 14:02:24,000932.SZ,S,6.270,100
908,61,2025-10-09,2025-10-09 14:02:42,300018.SZ,S,9.590,700
909,52,2025-10-09,2025-10-09 14:02:39,300328.SZ,S,16.990,100
910,63,2025-10-09,2025-10-09 14:02:39,603259.SH,B,112.870,100
911,52,2025-10-09,2025-10-09 14:02:38,300192.SZ,S,18.510,300
912,61,2025-10-09,2025-10-09 14:02:37,300568.SZ,S,14.930,600
913,59,2025-10-09,2025-10-09 14:02:35,300568.SZ,S,14.930,100
914,59,2025-10-09,2025-10-09 14:02:35,300568.SZ,S,14.930,200
915,63,2025-10-09,2025-10-09 14:02:34,603259.SH,B,112.870,300
916,61,2025-10-09,2025-10-09 14:02:31,603332.SH,S,13.210,100
917,58,2025-10-09,2025-10-09 14:02:31,603256.SH,S,34.900,100
918,61,2025-10-09,2025-10-09 14:02:30,002634.SZ,S,4.930,100
919,58,2025-10-09,2025-10-09 14:02:30,603332.SH,S,13.210,100
920,52,2025-10-09,2025-10-09 14:02:19,601899.SH,S,31.910,200
921,52,2025-10-09,2025-10-09 14:02:12,603328.SH,S,12.080,100
922,52,2025-10-09,2025-10-09 14:02:10,300339.SZ,B,61.470,200
923,63,2025-10-09,2025-10-09 14:02:09,600406.SH,B,23.450,400
924,52,2025-10-09,2025-10-09 14:01:20,000875.SZ,S,6.280,100
925,52,2025-10-09,2025-10-09 14:01:20,000875.SZ,S,6.280,200
926,52,2025-10-09,2025-10-09 14:01:52,300024.SZ,B,20.590,200
927,52,2025-10-09,2025-10-09 14:01:33,301210.SZ,B,49.340,200
928,61,2025-10-09,2025-10-09 14:01:40,002558.SZ,B,42.930,300
929,59,2025-10-09,2025-10-09 14:01:40,002558.SZ,B,42.930,200
930,61,2025-10-09,2025-10-09 14:01:37,002624.SZ,B,18.530,200
931,58,2025-10-09,2025-10-09 14:01:37,300469.SZ,S,75.150,100
932,58,2025-10-09,2025-10-09 14:01:36,688352.SH,S,14.910,478
933,61,2025-10-09,2025-10-09 14:01:36,000703.SZ,S,6.670,300
934,61,2025-10-09,2025-10-09 14:01:31,600000.SH,B,11.790,400
935,61,2025-10-09,2025-10-09 14:01:30,600000.SH,B,11.790,100
936,59,2025-10-09,2025-10-09 14:01:31,600000.SH,B,11.790,400
937,52,2025-10-09,2025-10-09 14:01:20,002245.SZ,B,19.910,400
938,52,2025-10-09,2025-10-09 14:01:21,002558.SZ,B,42.950,100
939,61,2025-10-09,2025-10-09 14:01:19,603328.SH,S,12.080,100
940,61,2025-10-09,2025-10-09 13:58:30,000523.SZ,S,3.140,100
941,61,2025-10-09,2025-10-09 13:58:30,600935.SH,S,2.400,100
942,61,2025-10-09,2025-10-09 13:58:30,600905.SH,S,4.310,100
943,61,2025-10-09,2025-10-09 13:58:30,002162.SZ,S,4.210,100
944,58,2025-10-09,2025-10-09 13:58:30,600169.SH,S,2.670,100
945,52,2025-10-09,2025-10-09 13:58:29,600169.SH,S,2.670,100
946,61,2025-10-09,2025-10-09 13:58:18,002011.SZ,B,14.620,300
947,61,2025-10-09,2025-10-09 13:58:17,601669.SH,B,5.770,1000
948,58,2025-10-09,2025-10-09 13:58:15,300854.SZ,S,20.140,300
949,61,2025-10-09,2025-10-09 13:58:13,601669.SH,B,5.770,1500
950,58,2025-10-09,2025-10-09 13:58:12,000048.SZ,B,16.620,100
951,58,2025-10-09,2025-10-09 13:58:12,000048.SZ,B,16.620,100
952,58,2025-10-09,2025-10-09 13:58:12,000048.SZ,B,16.620,100
953,58,2025-10-09,2025-10-09 13:58:11,300854.SZ,S,20.140,300
954,58,2025-10-09,2025-10-09 13:58:09,601677.SH,B,14.790,1600
955,58,2025-10-09,2025-10-09 13:58:07,300854.SZ,S,20.140,300
956,52,2025-10-09,2025-10-09 13:58:06,300854.SZ,S,20.140,200
957,52,2025-10-09,2025-10-09 13:58:06,601677.SH,B,14.790,300
958,58,2025-10-09,2025-10-09 13:58:03,603725.SH,B,9.670,100
959,58,2025-10-09,2025-10-09 13:58:03,603725.SH,B,9.670,100
960,58,2025-10-09,2025-10-09 13:58:03,603725.SH,B,9.670,100
961,63,2025-10-09,2025-10-09 13:58:01,601872.SH,B,8.200,900
962,63,2025-10-09,2025-10-09 13:58:01,601872.SH,B,8.200,300
963,63,2025-10-09,2025-10-09 13:58:01,601872.SH,B,8.200,100
964,58,2025-10-09,2025-10-09 13:58:01,300192.SZ,B,18.500,100
965,58,2025-10-09,2025-10-09 13:58:01,300192.SZ,B,18.500,100
966,61,2025-10-09,2025-10-09 13:57:59,300854.SZ,S,20.140,300
967,52,2025-10-09,2025-10-09 13:57:55,600016.SH,B,3.950,200
968,61,2025-10-09,2025-10-09 13:57:49,600169.SH,S,2.670,200
969,61,2025-10-09,2025-10-09 13:57:04,601677.SH,B,14.780,300
970,61,2025-10-09,2025-10-09 13:56:44,002624.SZ,B,18.520,200
971,63,2025-10-09,2025-10-09 13:56:44,002624.SZ,B,18.520,600
972,61,2025-10-09,2025-10-09 13:56:34,600395.SH,S,5.420,100
973,59,2025-10-09,2025-10-09 13:56:06,002772.SZ,S,10.330,100
974,58,2025-10-09,2025-10-09 13:56:06,300192.SZ,B,18.510,500
975,52,2025-10-09,2025-10-09 13:56:05,300192.SZ,B,18.500,500
976,61,2025-10-09,2025-10-09 13:56:04,300192.SZ,B,18.500,200
977,61,2025-10-09,2025-10-09 13:56:04,300192.SZ,B,18.500,200
978,59,2025-10-09,2025-10-09 13:56:04,300192.SZ,B,18.500,300
979,58,2025-10-09,2025-10-09 13:56:02,002053.SZ,B,12.720,100
980,58,2025-10-09,2025-10-09 13:56:02,002053.SZ,B,12.720,1000
981,58,2025-10-09,2025-10-09 13:56:02,002053.SZ,B,12.720,800
982,61,2025-10-09,2025-10-09 13:56:00,000100.SZ,B,4.480,1300
983,63,2025-10-09,2025-10-09 13:55:58,000100.SZ,B,4.480,510
984,63,2025-10-09,2025-10-09 13:55:57,000100.SZ,B,4.480,200
985,63,2025-10-09,2025-10-09 13:55:56,000100.SZ,B,4.480,1600
986,63,2025-10-09,2025-10-09 13:55:56,000100.SZ,B,4.480,900
987,63,2025-10-09,2025-10-09 13:55:54,000100.SZ,B,4.480,100
988,63,2025-10-09,2025-10-09 13:55:53,000100.SZ,B,4.480,690
989,61,2025-10-09,2025-10-09 13:55:46,603725.SH,B,9.670,400
990,61,2025-10-09,2025-10-09 13:55:46,603725.SH,B,9.670,200
991,59,2025-10-09,2025-10-09 13:55:46,603725.SH,B,9.670,600
992,63,2025-10-09,2025-10-09 13:55:46,300185.SZ,S,3.210,300
993,61,2025-10-09,2025-10-09 13:55:42,603863.SH,S,23.160,100
994,59,2025-10-09,2025-10-09 13:55:40,000100.SZ,B,4.480,110
995,61,2025-10-09,2025-10-09 13:55:39,603863.SH,S,23.160,100
996,59,2025-10-09,2025-10-09 13:55:39,000100.SZ,B,4.480,1190
997,58,2025-10-09,2025-10-09 13:55:27,000100.SZ,B,4.480,10
998,58,2025-10-09,2025-10-09 13:55:26,000100.SZ,B,4.480,2000
999,58,2025-10-09,2025-10-09 13:55:26,000100.SZ,B,4.480,290
1000,58,2025-10-09,2025-10-09 13:55:24,002065.SZ,S,11.090,1100
1001,61,2025-10-09,2025-10-09 13:55:24,002065.SZ,S,11.080,1600
1002,63,2025-10-09,2025-10-09 13:55:24,002065.SZ,S,11.080,500
1003,59,2025-10-09,2025-10-09 13:55:24,002065.SZ,S,11.080,600
1004,52,2025-10-09,2025-10-09 13:46:21,000889.SZ,S,3.530,100
1005,52,2025-10-09,2025-10-09 13:55:18,002065.SZ,S,11.090,400
1006,58,2025-10-09,2025-10-09 13:55:21,688403.SH,S,20.000,719
1007,52,2025-10-09,2025-10-09 13:55:20,688403.SH,S,20.000,228
1008,61,2025-10-09,2025-10-09 13:55:15,300480.SZ,S,18.760,200
1009,61,2025-10-09,2025-10-09 13:55:07,000875.SZ,B,6.250,700
1010,58,2025-10-09,2025-10-09 13:55:02,300767.SZ,S,24.650,200
1011,52,2025-10-09,2025-10-09 13:55:00,688403.SH,S,19.980,200
1012,61,2025-10-09,2025-10-09 13:54:57,300180.SZ,B,7.440,1100
1013,58,2025-10-09,2025-10-09 13:54:54,300180.SZ,B,7.440,100
1014,58,2025-10-09,2025-10-09 13:54:54,300180.SZ,B,7.440,600
1015,52,2025-10-09,2025-10-09 13:54:43,002053.SZ,B,12.730,500
1016,52,2025-10-09,2025-10-09 13:54:43,002053.SZ,B,12.730,200
1017,61,2025-10-09,2025-10-09 13:54:47,688403.SH,S,19.970,245
1018,52,2025-10-09,2025-10-09 13:54:37,002518.SZ,B,42.730,100
1019,58,2025-10-09,2025-10-09 13:54:25,301133.SZ,S,29.170,100
1020,61,2025-10-09,2025-10-09 13:54:20,601113.SH,B,4.160,500
1021,52,2025-10-09,2025-10-09 13:54:18,600744.SH,B,6.390,200
1022,61,2025-10-09,2025-10-09 13:54:16,000875.SZ,B,6.250,1000
1023,59,2025-10-09,2025-10-09 13:54:16,000875.SZ,B,6.250,1350
1024,59,2025-10-09,2025-10-09 13:54:15,000875.SZ,B,6.250,100
1025,59,2025-10-09,2025-10-09 13:54:15,000875.SZ,B,6.250,250
1026,52,2025-10-09,2025-10-09 13:54:07,002624.SZ,S,18.530,200
1027,63,2025-10-09,2025-10-09 13:54:02,301191.SZ,S,108.010,100
1028,61,2025-10-09,2025-10-09 13:53:52,002011.SZ,B,14.650,400
1029,58,2025-10-09,2025-10-09 13:53:49,002053.SZ,B,12.750,1200
1030,52,2025-10-09,2025-10-09 13:53:48,002053.SZ,B,12.750,300
1031,61,2025-10-09,2025-10-09 13:53:38,002053.SZ,B,12.750,500
1032,59,2025-10-09,2025-10-09 13:53:38,002053.SZ,B,12.750,500
1033,58,2025-10-09,2025-10-09 13:53:27,300400.SZ,B,23.360,300
1034,58,2025-10-09,2025-10-09 13:53:26,601669.SH,B,5.770,2300
1035,52,2025-10-09,2025-10-09 13:53:25,601669.SH,B,5.770,700
1036,61,2025-10-09,2025-10-09 13:53:12,688352.SH,S,14.930,244
1037,52,2025-10-09,2025-10-09 13:51:36,000039.SZ,B,8.290,200
1038,52,2025-10-09,2025-10-09 13:52:59,603725.SH,B,9.670,500
1039,61,2025-10-09,2025-10-09 13:52:53,002238.SZ,S,8.250,100
1040,59,2025-10-09,2025-10-09 13:52:49,300854.SZ,S,20.150,100
1041,58,2025-10-09,2025-10-09 13:52:49,603863.SH,S,23.150,200
1042,61,2025-10-09,2025-10-09 13:52:47,603901.SH,B,11.440,100
1043,59,2025-10-09,2025-10-09 13:52:45,300854.SZ,S,20.150,100
1044,63,2025-10-09,2025-10-09 13:52:44,002065.SZ,S,11.010,500
1045,61,2025-10-09,2025-10-09 13:52:44,002065.SZ,S,11.010,1700
1046,59,2025-10-09,2025-10-09 13:52:44,002065.SZ,S,11.010,700
1047,59,2025-10-09,2025-10-09 13:52:43,300854.SZ,S,20.150,100
1048,59,2025-10-09,2025-10-09 13:52:43,300854.SZ,S,20.150,100
1049,61,2025-10-09,2025-10-09 13:52:38,002245.SZ,B,19.870,300
1050,63,2025-10-09,2025-10-09 13:52:34,002624.SZ,B,18.500,100
1051,63,2025-10-09,2025-10-09 13:52:32,002624.SZ,B,18.500,600
1052,61,2025-10-09,2025-10-09 13:52:32,002624.SZ,B,18.500,300
1053,52,2025-10-09,2025-10-09 13:49:45,000338.SZ,B,14.270,200
1054,61,2025-10-09,2025-10-09 13:52:23,000048.SZ,B,16.610,300
1055,59,2025-10-09,2025-10-09 13:52:23,000048.SZ,B,16.610,300
1056,58,2025-10-09,2025-10-09 13:52:23,000048.SZ,B,16.610,400
1057,63,2025-10-09,2025-10-09 13:52:18,600276.SH,S,70.790,12
1058,52,2025-10-09,2025-10-09 13:51:54,002065.SZ,S,10.990,400
1059,52,2025-10-09,2025-10-09 13:52:09,000830.SZ,B,14.090,300
1060,58,2025-10-09,2025-10-09 13:52:13,000830.SZ,B,14.090,200
1061,52,2025-10-09,2025-10-09 13:52:09,000830.SZ,B,14.090,200
1062,58,2025-10-09,2025-10-09 13:52:12,000830.SZ,B,14.090,400
1063,52,2025-10-09,2025-10-09 13:50:45,300129.SZ,S,8.200,100
1064,58,2025-10-09,2025-10-09 13:52:10,000830.SZ,B,14.090,100
1065,61,2025-10-09,2025-10-09 13:52:08,300854.SZ,S,20.150,700
1066,63,2025-10-09,2025-10-09 13:52:02,600276.SH,S,70.790,388
1067,61,2025-10-09,2025-10-09 13:51:52,688403.SH,S,19.840,100
1068,61,2025-10-09,2025-10-09 13:51:52,688403.SH,S,19.840,100
1069,58,2025-10-09,2025-10-09 13:51:52,688403.SH,S,19.840,800
1070,61,2025-10-09,2025-10-09 13:51:51,688403.SH,S,19.850,200
1071,61,2025-10-09,2025-10-09 13:51:36,002245.SZ,B,19.880,200
1072,59,2025-10-09,2025-10-09 13:51:31,601677.SH,B,14.750,700
1073,52,2025-10-09,2025-10-09 13:50:21,000776.SZ,S,22.910,100
1074,61,2025-10-09,2025-10-09 13:51:31,601677.SH,B,14.750,600
1075,61,2025-10-09,2025-10-09 13:51:28,002317.SZ,B,16.970,200
1076,59,2025-10-09,2025-10-09 13:51:22,688403.SH,S,19.810,369
1077,61,2025-10-09,2025-10-09 13:51:09,000811.SZ,B,13.730,100
1078,61,2025-10-09,2025-10-09 13:51:08,002562.SZ,B,7.390,100
1079,58,2025-10-09,2025-10-09 13:51:07,002065.SZ,S,10.960,1200
1080,61,2025-10-09,2025-10-09 13:51:03,688403.SH,S,19.780,200
1081,59,2025-10-09,2025-10-09 13:51:03,688403.SH,S,19.780,200
1082,58,2025-10-09,2025-10-09 13:51:01,603725.SH,B,9.640,400
1083,61,2025-10-09,2025-10-09 13:50:58,002177.SZ,B,7.580,300
1084,59,2025-10-09,2025-10-09 13:50:58,002177.SZ,B,7.580,300
1085,61,2025-10-09,2025-10-09 13:50:58,300005.SZ,S,8.760,100
1086,52,2025-10-09,2025-10-09 13:48:36,002491.SZ,S,5.440,100
1087,52,2025-10-09,2025-10-09 13:47:38,600052.SH,S,5.230,100
1088,58,2025-10-09,2025-10-09 13:50:44,002177.SZ,B,7.580,700
1089,52,2025-10-09,2025-10-09 13:50:41,300364.SZ,S,28.190,100
1090,61,2025-10-09,2025-10-09 13:50:42,000680.SZ,B,10.150,400
1091,61,2025-10-09,2025-10-09 13:50:40,688403.SH,S,19.740,600
1092,63,2025-10-09,2025-10-09 13:50:32,601872.SH,B,8.180,1400
1093,63,2025-10-09,2025-10-09 13:50:32,601872.SH,B,8.180,1300
1094,61,2025-10-09,2025-10-09 13:50:31,002011.SZ,B,14.560,600
1095,52,2025-10-09,2025-10-09 13:50:18,603901.SH,S,11.430,100
1096,61,2025-10-09,2025-10-09 13:50:28,000593.SZ,B,7.180,100
1097,61,2025-10-09,2025-10-09 13:50:20,301133.SZ,S,29.150,100
1098,63,2025-10-09,2025-10-09 13:50:19,002484.SZ,S,30.190,100
1099,61,2025-10-09,2025-10-09 13:50:18,688373.SH,B,9.140,553
1100,61,2025-10-09,2025-10-09 13:50:18,688373.SH,B,9.140,504
1101,59,2025-10-09,2025-10-09 13:50:18,688373.SH,B,9.140,551
1102,59,2025-10-09,2025-10-09 13:50:18,688373.SH,B,9.140,200
1103,59,2025-10-09,2025-10-09 13:50:18,688373.SH,B,9.140,316
1104,63,2025-10-09,2025-10-09 13:50:13,002468.SZ,S,17.480,200
1105,61,2025-10-09,2025-10-09 13:50:13,002961.SZ,B,21.040,100
1106,61,2025-10-09,2025-10-09 13:50:13,002961.SZ,B,21.040,100
1107,61,2025-10-09,2025-10-09 13:50:11,002544.SZ,B,26.320,400
1108,52,2025-10-09,2025-10-09 13:50:11,002961.SZ,B,21.030,200
1109,61,2025-10-09,2025-10-09 13:50:10,002326.SZ,B,17.230,300
1110,52,2025-10-09,2025-10-09 13:50:08,601991.SH,B,3.520,700
1111,61,2025-10-09,2025-10-09 13:50:07,688307.SH,B,36.120,326
1112,52,2025-10-09,2025-10-09 13:50:01,601677.SH,B,14.740,700
1113,52,2025-10-09,2025-10-09 13:48:27,000600.SZ,S,7.750,100
1114,58,2025-10-09,2025-10-09 13:50:01,601677.SH,B,14.740,500
1115,58,2025-10-09,2025-10-09 13:50:01,601677.SH,B,14.740,1000
1116,63,2025-10-09,2025-10-09 13:49:58,600157.SH,S,1.690,700
1117,63,2025-10-09,2025-10-09 13:49:53,002736.SZ,S,13.400,700
1118,58,2025-10-09,2025-10-09 13:49:46,600239.SH,B,2.590,700
1119,61,2025-10-09,2025-10-09 13:49:46,600239.SH,B,2.590,600
1120,59,2025-10-09,2025-10-09 13:49:46,600239.SH,B,2.590,300
1121,63,2025-10-09,2025-10-09 13:49:39,300059.SZ,S,26.660,100
1122,59,2025-10-09,2025-10-09 13:49:38,601677.SH,B,14.740,600
1123,52,2025-10-09,2025-10-09 13:48:58,300543.SZ,S,12.690,100
1124,52,2025-10-09,2025-10-09 13:49:12,601881.SH,B,17.740,200
1125,52,2025-10-09,2025-10-09 13:49:07,002518.SZ,B,42.680,100
1126,58,2025-10-09,2025-10-09 13:49:06,300767.SZ,S,24.630,300
1127,63,2025-10-09,2025-10-09 13:49:04,600673.SH,S,23.210,100
1128,58,2025-10-09,2025-10-09 13:48:58,688403.SH,S,19.810,400
1129,52,2025-10-09,2025-10-09 13:48:57,688403.SH,S,19.810,162
1130,52,2025-10-09,2025-10-09 13:48:57,688403.SH,S,19.810,38
1131,61,2025-10-09,2025-10-09 13:48:52,300767.SZ,S,24.620,200
1132,59,2025-10-09,2025-10-09 13:48:52,300767.SZ,S,24.620,100
1133,52,2025-10-09,2025-10-09 13:48:49,003816.SZ,S,3.770,200
1134,58,2025-10-09,2025-10-09 13:48:48,300480.SZ,S,18.780,300
1135,61,2025-10-09,2025-10-09 13:48:47,600744.SH,B,6.380,300
1136,59,2025-10-09,2025-10-09 13:48:47,600744.SH,B,6.380,300
1137,52,2025-10-09,2025-10-09 13:48:47,603809.SH,S,15.750,100
1138,59,2025-10-09,2025-10-09 13:48:46,002530.SZ,S,11.790,100
1139,58,2025-10-09,2025-10-09 13:48:45,300480.SZ,S,18.780,100
1140,52,2025-10-09,2025-10-09 13:48:43,300480.SZ,S,18.770,100
1141,58,2025-10-09,2025-10-09 13:48:40,002326.SZ,S,17.240,100
1142,61,2025-10-09,2025-10-09 13:48:40,002053.SZ,B,12.630,800
1143,59,2025-10-09,2025-10-09 13:48:40,002053.SZ,B,12.630,800
1144,52,2025-10-09,2025-10-09 13:48:36,300748.SZ,S,37.640,100
1145,58,2025-10-09,2025-10-09 13:48:35,600744.SH,B,6.380,700
1146,52,2025-10-09,2025-10-09 13:48:33,002326.SZ,S,17.240,200
1147,59,2025-10-09,2025-10-09 13:48:32,688403.SH,S,19.810,200
1148,61,2025-10-09,2025-10-09 13:48:31,002402.SZ,S,50.400,500
1149,59,2025-10-09,2025-10-09 13:48:31,002402.SZ,S,50.420,100
1150,52,2025-10-09,2025-10-09 13:48:27,600658.SH,S,5.530,100
1151,52,2025-10-09,2025-10-09 13:48:29,000875.SZ,B,6.260,1800
1152,61,2025-10-09,2025-10-09 13:48:28,002402.SZ,S,50.500,200
1153,59,2025-10-09,2025-10-09 13:48:28,002402.SZ,S,50.500,100
1154,61,2025-10-09,2025-10-09 13:48:26,601669.SH,B,5.770,2000
1155,52,2025-10-09,2025-10-09 13:48:23,600703.SH,S,16.190,100
1156,52,2025-10-09,2025-10-09 13:46:27,000932.SZ,B,6.290,200
1157,58,2025-10-09,2025-10-09 13:48:21,000875.SZ,B,6.260,5500
1158,59,2025-10-09,2025-10-09 13:48:12,002402.SZ,S,50.300,300
1159,52,2025-10-09,2025-10-09 13:48:12,002303.SZ,S,4.460,100
1160,52,2025-10-09,2025-10-09 13:48:06,603863.SH,S,23.070,100
1161,52,2025-10-09,2025-10-09 13:47:51,002544.SZ,S,26.330,100
1162,61,2025-10-09,2025-10-09 13:48:02,002837.SZ,B,78.220,100
1163,61,2025-10-09,2025-10-09 13:47:58,603125.SH,S,16.940,100
1164,58,2025-10-09,2025-10-09 13:47:56,002402.SZ,S,50.160,1200
1165,61,2025-10-09,2025-10-09 13:47:49,000600.SZ,S,7.750,100
1166,52,2025-10-09,2025-10-09 13:46:48,000703.SZ,B,6.640,200
1167,61,2025-10-09,2025-10-09 13:47:42,688352.SH,S,14.910,200
1168,59,2025-10-09,2025-10-09 13:47:42,300180.SZ,S,7.440,100
1169,52,2025-10-09,2025-10-09 13:47:41,300180.SZ,S,7.440,200
1170,52,2025-10-09,2025-10-09 13:47:39,002276.SZ,S,18.470,100
1171,61,2025-10-09,2025-10-09 13:47:38,300480.SZ,S,18.840,300
1172,59,2025-10-09,2025-10-09 13:47:38,300480.SZ,S,18.840,200
1173,59,2025-10-09,2025-10-09 13:47:35,002544.SZ,S,26.350,100
1174,59,2025-10-09,2025-10-09 13:47:35,002544.SZ,S,26.350,100
1175,52,2025-10-09,2025-10-09 13:46:28,300088.SZ,S,6.780,100
1176,61,2025-10-09,2025-10-09 13:47:28,603863.SH,S,23.110,400
1177,59,2025-10-09,2025-10-09 13:47:28,603863.SH,S,23.110,200
1178,61,2025-10-09,2025-10-09 13:47:19,002232.SZ,S,21.450,100
1179,52,2025-10-09,2025-10-09 13:47:16,601899.SH,B,31.530,200
1180,52,2025-10-09,2025-10-09 13:46:55,300002.SZ,S,14.000,100
1181,61,2025-10-09,2025-10-09 13:47:05,000830.SZ,B,14.090,300
1182,52,2025-10-09,2025-10-09 13:47:00,300199.SZ,S,21.690,100
1183,63,2025-10-09,2025-10-09 13:47:00,688352.SH,S,14.920,51
1184,63,2025-10-09,2025-10-09 13:47:00,688352.SH,S,14.920,422
1185,61,2025-10-09,2025-10-09 13:47:00,688352.SH,S,14.920,200
1186,59,2025-10-09,2025-10-09 13:47:00,688352.SH,S,14.920,110
1187,59,2025-10-09,2025-10-09 13:47:00,688352.SH,S,14.920,149
1188,52,2025-10-09,2025-10-09 13:46:59,688352.SH,S,14.920,200
1189,52,2025-10-09,2025-10-09 13:46:59,002283.SZ,S,6.610,100
1190,58,2025-10-09,2025-10-09 13:46:58,688352.SH,S,14.920,557
1191,61,2025-10-09,2025-10-09 13:46:55,688403.SH,S,20.040,200
1192,59,2025-10-09,2025-10-09 13:46:55,688403.SH,S,20.040,400
1193,58,2025-10-09,2025-10-09 13:46:55,002232.SZ,S,21.460,100
1194,58,2025-10-09,2025-10-09 13:46:55,688403.SH,S,20.080,600
1195,52,2025-10-09,2025-10-09 13:46:51,688403.SH,S,20.080,200
1196,61,2025-10-09,2025-10-09 13:46:54,002518.SZ,B,42.710,100
1197,59,2025-10-09,2025-10-09 13:46:53,300400.SZ,B,23.360,300
1198,52,2025-10-09,2025-10-09 13:46:22,603863.SH,S,23.170,100
1199,61,2025-10-09,2025-10-09 13:46:53,000875.SZ,B,6.260,1400
1200,59,2025-10-09,2025-10-09 13:46:53,000875.SZ,B,6.260,1300
1201,52,2025-10-09,2025-10-09 13:46:22,300128.SZ,S,6.540,100
1202,52,2025-10-09,2025-10-09 13:46:52,300400.SZ,B,23.360,200
1203,61,2025-10-09,2025-10-09 13:46:51,002065.SZ,S,10.990,2000
1204,63,2025-10-09,2025-10-09 13:46:51,002065.SZ,S,10.990,700
1205,59,2025-10-09,2025-10-09 13:46:51,002065.SZ,S,10.990,800
1206,61,2025-10-09,2025-10-09 13:46:48,300128.SZ,S,6.540,100
1207,61,2025-10-09,2025-10-09 13:46:47,002624.SZ,B,18.570,400
1208,63,2025-10-09,2025-10-09 13:46:47,002624.SZ,B,18.570,700
1209,58,2025-10-09,2025-10-09 13:46:48,603863.SH,S,23.170,200
1210,58,2025-10-09,2025-10-09 13:46:48,603863.SH,S,23.160,100
1211,58,2025-10-09,2025-10-09 13:46:48,002065.SZ,S,11.000,400
1212,52,2025-10-09,2025-10-09 13:46:45,002065.SZ,S,11.000,1000
1213,61,2025-10-09,2025-10-09 13:46:46,688403.SH,S,20.080,1200
1214,52,2025-10-09,2025-10-09 13:46:46,002011.SZ,S,14.540,200
1215,61,2025-10-09,2025-10-09 13:46:43,300400.SZ,B,23.360,400
1216,58,2025-10-09,2025-10-09 13:46:41,300400.SZ,B,23.360,400
1217,52,2025-10-09,2025-10-09 13:46:33,002871.SZ,S,16.240,100
1218,52,2025-10-09,2025-10-09 13:46:31,300769.SZ,B,45.140,200
1219,58,2025-10-09,2025-10-09 13:46:31,688373.SH,B,9.140,1801
1220,52,2025-10-09,2025-10-09 13:46:22,601018.SH,S,3.670,100
1221,61,2025-10-09,2025-10-09 13:46:30,601677.SH,B,14.770,700
1222,58,2025-10-09,2025-10-09 13:46:29,002065.SZ,S,10.990,300
1223,58,2025-10-09,2025-10-09 13:46:28,002065.SZ,S,10.990,500
1224,58,2025-10-09,2025-10-09 13:46:28,002065.SZ,S,10.990,1400
1225,58,2025-10-09,2025-10-09 13:46:27,603863.SH,S,23.160,100
1226,61,2025-10-09,2025-10-09 13:46:27,600397.SH,S,7.470,100
1227,61,2025-10-09,2025-10-09 13:46:26,300322.SZ,S,24.210,100
1228,52,2025-10-09,2025-10-09 13:46:22,600503.SH,S,3.290,100
1229,61,2025-10-09,2025-10-09 13:46:23,002871.SZ,B,16.240,200
1230,52,2025-10-09,2025-10-09 13:46:22,688373.SH,B,9.140,845
1231,52,2025-10-09,2025-10-09 13:46:22,300068.SZ,S,20.620,100
1232,61,2025-10-09,2025-10-09 13:46:16,002402.SZ,S,50.740,900
1233,61,2025-10-09,2025-10-09 13:46:16,301248.SZ,S,28.260,100
1234,61,2025-10-09,2025-10-09 13:43:57,000069.SZ,B,2.570,200
1235,61,2025-10-09,2025-10-09 13:43:57,002677.SZ,B,7.250,100
1236,61,2025-10-09,2025-10-09 13:43:57,601515.SH,B,4.520,100
1237,61,2025-10-09,2025-10-09 13:43:30,600527.SH,B,2.230,200
1238,61,2025-10-09,2025-10-09 13:43:30,600935.SH,B,2.410,100
1239,61,2025-10-09,2025-10-09 13:43:30,002256.SZ,S,3.180,100
1240,61,2025-10-09,2025-10-09 13:43:30,000927.SZ,B,2.640,100
1241,61,2025-10-09,2025-10-09 13:43:30,002506.SZ,B,2.620,100
1242,61,2025-10-09,2025-10-09 13:43:30,002323.SZ,S,1.730,100
1243,61,2025-10-09,2025-10-09 13:43:30,000717.SZ,B,2.770,100
1244,61,2025-10-09,2025-10-09 13:43:29,600658.SH,B,5.480,100
1245,58,2025-10-09,2025-10-09 13:43:29,002544.SZ,B,26.480,700
1246,52,2025-10-09,2025-10-09 13:43:29,002133.SZ,S,3.420,400
1247,61,2025-10-09,2025-10-09 13:43:20,002021.SZ,B,3.090,200
1248,58,2025-10-09,2025-10-09 13:43:15,000680.SZ,B,10.180,100
1249,58,2025-10-09,2025-10-09 13:43:15,000680.SZ,B,10.180,200
1250,58,2025-10-09,2025-10-09 13:43:15,000680.SZ,B,10.180,100
1251,52,2025-10-09,2025-10-09 13:43:15,000680.SZ,B,10.180,300
1252,58,2025-10-09,2025-10-09 13:43:14,300854.SZ,S,20.200,300
1253,59,2025-10-09,2025-10-09 13:43:13,601669.SH,B,5.780,1100
1254,52,2025-10-09,2025-10-09 13:43:13,600337.SH,S,2.260,300
1255,61,2025-10-09,2025-10-09 13:43:12,002146.SZ,B,1.610,200
1256,63,2025-10-09,2025-10-09 13:43:11,300185.SZ,S,3.200,1000
1257,63,2025-10-09,2025-10-09 13:43:11,603305.SH,S,17.920,800
1258,63,2025-10-09,2025-10-09 13:43:10,002065.SZ,S,11.010,300
1259,63,2025-10-09,2025-10-09 13:43:10,002065.SZ,S,11.010,800
1260,61,2025-10-09,2025-10-09 13:43:10,600691.SH,B,2.990,100
1261,61,2025-10-09,2025-10-09 13:43:08,300300.SZ,B,4.800,100
1262,61,2025-10-09,2025-10-09 13:43:08,601279.SH,B,4.170,100
1263,61,2025-10-09,2025-10-09 13:43:08,600446.SH,B,18.340,100
1264,61,2025-10-09,2025-10-09 13:43:08,300269.SZ,B,4.930,100
1265,61,2025-10-09,2025-10-09 13:43:08,000564.SZ,B,2.560,100
1266,61,2025-10-09,2025-10-09 13:43:08,002535.SZ,B,4.000,100
1267,59,2025-10-09,2025-10-09 13:43:08,601669.SH,B,5.780,1100
1268,58,2025-10-09,2025-10-09 13:43:08,300854.SZ,S,20.200,400
1269,61,2025-10-09,2025-10-09 13:43:07,002491.SZ,B,5.460,100
1270,61,2025-10-09,2025-10-09 13:43:07,002491.SZ,B,5.460,100
1271,61,2025-10-09,2025-10-09 13:43:07,688687.SH,B,28.240,206
1272,58,2025-10-09,2025-10-09 13:43:07,301229.SZ,S,23.380,200
1273,58,2025-10-09,2025-10-09 13:43:07,600337.SH,B,2.270,300
1274,52,2025-10-09,2025-10-09 13:43:07,300854.SZ,S,20.200,300
1275,52,2025-10-09,2025-10-09 13:43:07,600219.SH,S,4.090,800
1276,52,2025-10-09,2025-10-09 13:43:07,002303.SZ,B,4.470,200
1277,58,2025-10-09,2025-10-09 13:43:06,600239.SH,S,2.590,2400
1278,52,2025-10-09,2025-10-09 13:43:06,600239.SH,S,2.590,2400
1279,61,2025-10-09,2025-10-09 13:43:06,000931.SZ,B,5.240,100
1280,52,2025-10-09,2025-10-09 13:43:05,002624.SZ,B,18.610,200
1281,59,2025-10-09,2025-10-09 13:43:03,300185.SZ,B,3.210,200
1282,52,2025-10-09,2025-10-09 13:42:59,600016.SH,S,3.950,300
1283,52,2025-10-09,2025-10-09 13:42:59,600016.SH,S,3.950,100
1284,61,2025-10-09,2025-10-09 13:42:58,002445.SZ,B,2.610,200
1285,61,2025-10-09,2025-10-09 13:42:58,002321.SZ,B,2.890,200
1286,61,2025-10-09,2025-10-09 13:42:58,002431.SZ,B,2.400,100
1287,61,2025-10-09,2025-10-09 13:42:52,603305.SH,B,17.930,100
1288,61,2025-10-09,2025-10-09 13:42:52,603626.SH,B,14.300,100
1289,61,2025-10-09,2025-10-09 13:42:52,002547.SZ,B,5.370,100
1290,61,2025-10-09,2025-10-09 13:42:51,300854.SZ,S,20.230,300
1291,61,2025-10-09,2025-10-09 13:42:51,600337.SH,B,2.270,200
1292,52,2025-10-09,2025-10-09 13:42:48,002256.SZ,S,3.180,100
1293,52,2025-10-09,2025-10-09 13:42:47,600905.SH,S,4.310,400
1294,61,2025-10-09,2025-10-09 13:42:46,000926.SZ,B,2.550,100
1295,61,2025-10-09,2025-10-09 13:42:46,002707.SZ,B,7.130,100
1296,58,2025-10-09,2025-10-09 13:42:46,002146.SZ,B,1.610,300
1297,58,2025-10-09,2025-10-09 13:42:46,002506.SZ,B,2.620,300
1298,61,2025-10-09,2025-10-09 13:42:45,600868.SH,B,2.740,100
1299,61,2025-10-09,2025-10-09 13:42:45,600305.SH,S,7.970,100
1300,61,2025-10-09,2025-10-09 13:42:44,002548.SZ,B,5.010,100
1301,52,2025-10-09,2025-10-09 13:42:44,688538.SH,S,2.960,2543
1302,52,2025-10-09,2025-10-09 13:42:44,002506.SZ,S,2.610,400
1303,61,2025-10-09,2025-10-09 13:42:43,002172.SZ,S,4.050,100
1304,61,2025-10-09,2025-10-09 13:42:43,000882.SZ,B,1.980,100
1305,61,2025-10-09,2025-10-09 13:42:43,300352.SZ,B,6.010,100
1306,61,2025-10-09,2025-10-09 13:42:10,601908.SH,B,4.230,100
1307,61,2025-10-09,2025-10-09 13:42:08,601908.SH,B,4.230,100
1308,61,2025-10-09,2025-10-09 13:41:59,601929.SH,S,3.650,100
1309,63,2025-10-09,2025-10-09 13:41:51,600905.SH,B,4.310,400
1310,61,2025-10-09,2025-10-09 13:41:50,301526.SZ,B,6.280,100
1311,63,2025-10-09,2025-10-09 13:41:49,600905.SH,B,4.310,3600
1312,52,2025-10-09,2025-10-09 13:37:55,002283.SZ,B,6.610,200
1313,61,2025-10-09,2025-10-09 13:41:43,002674.SZ,B,15.570,100
1314,63,2025-10-09,2025-10-09 13:41:37,603698.SH,S,20.770,100
1315,63,2025-10-09,2025-10-09 13:41:33,603698.SH,S,20.770,100
1316,61,2025-10-09,2025-10-09 13:41:32,300586.SZ,B,10.850,100
1317,61,2025-10-09,2025-10-09 13:41:28,002676.SZ,B,9.490,100
1318,61,2025-10-09,2025-10-09 13:41:25,002662.SZ,B,3.880,200
1319,61,2025-10-09,2025-10-09 13:41:24,300018.SZ,S,9.600,500
1320,61,2025-10-09,2025-10-09 13:41:14,002706.SZ,B,11.490,100
1321,61,2025-10-09,2025-10-09 13:41:14,601598.SH,B,6.430,100
1322,58,2025-10-09,2025-10-09 13:41:12,688711.SH,S,28.250,247
1323,58,2025-10-09,2025-10-09 13:41:05,002207.SZ,B,8.240,300
1324,63,2025-10-09,2025-10-09 13:41:00,000768.SZ,B,26.570,300
1325,61,2025-10-09,2025-10-09 13:40:51,603359.SH,B,9.100,100
1326,52,2025-10-09,2025-10-09 13:40:39,002544.SZ,B,26.510,200
1327,61,2025-10-09,2025-10-09 13:40:49,600834.SH,B,8.570,100
1328,61,2025-10-09,2025-10-09 13:40:48,600733.SH,B,7.990,100
1329,63,2025-10-09,2025-10-09 13:40:47,600169.SH,S,2.680,2500
1330,58,2025-10-09,2025-10-09 13:40:48,600169.SH,B,2.680,300
1331,58,2025-10-09,2025-10-09 13:40:44,002011.SZ,B,14.580,200
1332,63,2025-10-09,2025-10-09 13:40:43,600052.SH,S,5.240,600
1333,58,2025-10-09,2025-10-09 13:40:41,603319.SH,B,41.810,300
1334,58,2025-10-09,2025-10-09 13:40:42,002011.SZ,B,14.580,100
1335,52,2025-10-09,2025-10-09 13:40:40,300185.SZ,S,3.200,800
1336,63,2025-10-09,2025-10-09 13:40:36,300185.SZ,S,3.200,1100
1337,52,2025-10-09,2025-10-09 13:31:21,601018.SH,S,3.670,400
1338,61,2025-10-09,2025-10-09 13:40:33,002400.SZ,B,8.500,100
1339,59,2025-10-09,2025-10-09 13:40:31,002544.SZ,B,26.510,200
1340,61,2025-10-09,2025-10-09 13:40:28,000059.SZ,B,5.110,100
1341,61,2025-10-09,2025-10-09 13:40:26,300592.SZ,B,10.920,100
1342,58,2025-10-09,2025-10-09 13:40:26,002011.SZ,B,14.580,100
1343,58,2025-10-09,2025-10-09 13:40:26,600239.SH,S,2.590,1300
1344,52,2025-10-09,2025-10-09 13:40:25,600239.SH,S,2.590,1400
1345,52,2025-10-09,2025-10-09 13:40:25,600239.SH,S,2.590,100
1346,63,2025-10-09,2025-10-09 13:40:23,600919.SH,B,9.960,600
1347,63,2025-10-09,2025-10-09 13:40:21,300765.SZ,B,44.630,200
1348,61,2025-10-09,2025-10-09 13:40:19,600889.SH,B,16.870,100
1349,58,2025-10-09,2025-10-09 13:40:14,601669.SH,B,5.770,2200
1350,63,2025-10-09,2025-10-09 13:40:10,000100.SZ,B,4.480,2800
1351,61,2025-10-09,2025-10-09 13:40:08,601778.SH,S,3.860,100
1352,58,2025-10-09,2025-10-09 13:40:08,300680.SZ,S,60.650,300
1353,58,2025-10-09,2025-10-09 13:40:08,300680.SZ,S,60.650,100
1354,58,2025-10-09,2025-10-09 13:40:08,000048.SZ,B,16.650,300
1355,61,2025-10-09,2025-10-09 13:40:07,000048.SZ,B,16.650,600
1356,61,2025-10-09,2025-10-09 13:40:06,300680.SZ,S,60.650,200
1357,61,2025-10-09,2025-10-09 13:40:07,002055.SZ,B,7.850,100
1358,59,2025-10-09,2025-10-09 13:40:04,600239.SH,S,2.590,1500
1359,59,2025-10-09,2025-10-09 13:40:04,600239.SH,S,2.590,1200
1360,58,2025-10-09,2025-10-09 13:40:00,300018.SZ,S,9.600,1300
1361,61,2025-10-09,2025-10-09 13:39:56,002176.SZ,B,10.230,100
1362,61,2025-10-09,2025-10-09 13:39:55,000659.SZ,S,2.860,100
1363,63,2025-10-09,2025-10-09 13:39:45,600150.SH,B,34.900,100
1364,61,2025-10-09,2025-10-09 13:39:36,000889.SZ,S,3.530,400
1365,61,2025-10-09,2025-10-09 13:39:33,002632.SZ,B,10.920,100
1366,61,2025-10-09,2025-10-09 13:39:31,002186.SZ,B,11.130,100
1367,61,2025-10-09,2025-10-09 13:39:31,600416.SH,B,16.170,100
1368,61,2025-10-09,2025-10-09 13:39:31,002961.SZ,B,21.060,100
1369,61,2025-10-09,2025-10-09 13:39:30,603319.SH,S,41.830,200
1370,61,2025-10-09,2025-10-09 13:39:27,300565.SZ,B,12.650,100
1371,61,2025-10-09,2025-10-09 13:39:13,000892.SZ,B,6.440,100
1372,61,2025-10-09,2025-10-09 13:39:12,002040.SZ,B,10.130,100
1373,58,2025-10-09,2025-10-09 13:39:13,300128.SZ,B,6.550,300
1374,61,2025-10-09,2025-10-09 13:39:11,002133.SZ,S,3.420,400
1375,61,2025-10-09,2025-10-09 13:39:11,002326.SZ,B,17.230,100
1376,61,2025-10-09,2025-10-09 13:39:11,002133.SZ,S,3.420,1400
1377,61,2025-10-09,2025-10-09 13:39:11,002326.SZ,B,17.230,100
1378,61,2025-10-09,2025-10-09 13:39:11,002133.SZ,S,3.420,400
1379,59,2025-10-09,2025-10-09 13:39:11,002133.SZ,S,3.420,600
1380,52,2025-10-09,2025-10-09 13:38:54,002011.SZ,B,14.590,400
1381,58,2025-10-09,2025-10-09 13:39:00,600503.SH,B,3.270,300
1382,52,2025-10-09,2025-10-09 13:38:10,600503.SH,B,3.270,200
1383,63,2025-10-09,2025-10-09 13:38:58,002230.SZ,S,60.050,100
1384,63,2025-10-09,2025-10-09 13:38:58,002230.SZ,S,60.050,200
1385,61,2025-10-09,2025-10-09 13:38:56,300189.SZ,B,4.390,100
1386,61,2025-10-09,2025-10-09 13:38:55,300217.SZ,B,5.820,100
1387,61,2025-10-09,2025-10-09 13:38:48,600481.SH,B,6.170,100
1388,61,2025-10-09,2025-10-09 13:38:37,002042.SZ,B,5.260,100
1389,52,2025-10-09,2025-10-09 13:38:27,600658.SH,B,5.480,200
1390,63,2025-10-09,2025-10-09 13:38:25,600938.SH,B,26.300,500
1391,63,2025-10-09,2025-10-09 13:38:24,600938.SH,B,26.300,100
1392,61,2025-10-09,2025-10-09 13:38:07,002072.SZ,B,7.420,100
1393,61,2025-10-09,2025-10-09 13:38:02,002420.SZ,B,8.200,100
1394,61,2025-10-09,2025-10-09 13:38:00,003038.SZ,B,16.910,100
1395,61,2025-10-09,2025-10-09 13:37:58,300218.SZ,B,18.440,100
1396,61,2025-10-09,2025-10-09 13:37:55,600651.SH,B,8.370,100
1397,61,2025-10-09,2025-10-09 13:37:55,002354.SZ,B,7.160,100
1398,52,2025-10-09,2025-10-09 13:37:15,300128.SZ,B,6.550,200
1399,58,2025-10-09,2025-10-09 13:37:53,600658.SH,B,5.480,300
1400,58,2025-10-09,2025-10-09 13:37:52,002674.SZ,B,15.550,200
1401,58,2025-10-09,2025-10-09 13:37:52,002674.SZ,B,15.550,100
1402,58,2025-10-09,2025-10-09 13:37:48,300018.SZ,S,9.600,800
1403,61,2025-10-09,2025-10-09 13:37:43,600026.SH,B,11.560,100
1404,61,2025-10-09,2025-10-09 13:37:42,002369.SZ,B,9.240,100
1405,63,2025-10-09,2025-10-09 13:37:40,002065.SZ,S,10.900,1200
1406,61,2025-10-09,2025-10-09 13:37:26,002745.SZ,B,9.330,100
1407,61,2025-10-09,2025-10-09 13:37:20,601789.SH,B,5.630,100
1408,63,2025-10-09,2025-10-09 13:37:13,600150.SH,B,34.830,300
1409,52,2025-10-09,2025-10-09 13:34:48,002766.SZ,S,5.850,100
1410,61,2025-10-09,2025-10-09 13:37:08,300543.SZ,S,12.740,100
1411,61,2025-10-09,2025-10-09 13:37:07,002139.SZ,B,15.730,100
1412,52,2025-10-09,2025-10-09 13:37:02,300018.SZ,S,9.620,600
1413,61,2025-10-09,2025-10-09 13:37:02,600721.SH,B,9.430,100
1414,52,2025-10-09,2025-10-09 13:37:01,601789.SH,S,5.630,300
1415,61,2025-10-09,2025-10-09 13:37:01,002733.SZ,B,22.210,100
1416,61,2025-10-09,2025-10-09 13:36:54,002100.SZ,B,7.120,100
1417,61,2025-10-09,2025-10-09 13:36:50,603809.SH,B,15.800,100
1418,61,2025-10-09,2025-10-09 13:36:49,600732.SH,B,16.820,100
1419,61,2025-10-09,2025-10-09 13:36:49,002703.SZ,S,13.880,100
1420,61,2025-10-09,2025-10-09 13:36:48,300364.SZ,B,28.320,100
1421,61,2025-10-09,2025-10-09 13:36:47,301321.SZ,B,17.150,100
1422,61,2025-10-09,2025-10-09 13:36:47,300854.SZ,S,20.310,600
1423,59,2025-10-09,2025-10-09 13:36:47,300854.SZ,S,20.310,300
1424,59,2025-10-09,2025-10-09 13:36:45,300180.SZ,B,7.450,500
1425,52,2025-10-09,2025-10-09 13:36:44,300180.SZ,B,7.450,500
1426,61,2025-10-09,2025-10-09 13:36:43,002276.SZ,B,18.550,100
1427,58,2025-10-09,2025-10-09 13:36:42,300180.SZ,B,7.450,300
1428,52,2025-10-09,2025-10-09 13:35:06,000703.SZ,S,6.620,700
1429,52,2025-10-09,2025-10-09 13:36:30,300158.SZ,S,6.580,300
1430,58,2025-10-09,2025-10-09 13:36:27,002871.SZ,B,16.340,100
1431,58,2025-10-09,2025-10-09 13:36:27,002871.SZ,B,16.340,100
1432,58,2025-10-09,2025-10-09 13:36:27,002871.SZ,B,16.340,100
1433,52,2025-10-09,2025-10-09 13:36:23,000048.SZ,B,16.600,200
1434,61,2025-10-09,2025-10-09 13:36:09,603035.SH,B,17.390,100
1435,61,2025-10-09,2025-10-09 13:36:08,300164.SZ,B,5.720,100
1436,61,2025-10-09,2025-10-09 13:36:07,300170.SZ,B,19.410,100
1437,58,2025-10-09,2025-10-09 13:36:05,002065.SZ,B,10.890,300
1438,61,2025-10-09,2025-10-09 13:36:04,002987.SZ,B,21.430,100
1439,61,2025-10-09,2025-10-09 13:36:01,300018.SZ,S,9.610,500
1440,61,2025-10-09,2025-10-09 13:36:01,300018.SZ,S,9.610,300
1441,61,2025-10-09,2025-10-09 13:36:01,002772.SZ,S,10.340,200
1442,58,2025-10-09,2025-10-09 13:35:59,605155.SH,B,16.470,300
1443,61,2025-10-09,2025-10-09 13:35:59,002046.SZ,B,26.460,100
1444,58,2025-10-09,2025-10-09 13:35:55,301248.SZ,S,28.370,400
1445,52,2025-10-09,2025-10-09 13:35:08,300129.SZ,B,8.170,200
1446,61,2025-10-09,2025-10-09 13:35:54,600620.SH,B,6.180,100
1447,63,2025-10-09,2025-10-09 13:35:52,000768.SZ,B,26.570,400
1448,61,2025-10-09,2025-10-09 13:35:45,603166.SH,B,19.240,100
1449,61,2025-10-09,2025-10-09 13:35:45,603225.SH,B,15.980,100
1450,63,2025-10-09,2025-10-09 13:35:43,603698.SH,S,20.760,500
1451,61,2025-10-09,2025-10-09 13:35:43,603633.SH,B,11.710,200
1452,59,2025-10-09,2025-10-09 13:35:35,601616.SH,B,4.080,200
1453,52,2025-10-09,2025-10-09 13:35:21,300364.SZ,B,28.340,200
1454,61,2025-10-09,2025-10-09 13:35:25,000592.SZ,B,3.490,100
1455,52,2025-10-09,2025-10-09 13:34:07,600395.SH,S,5.410,100
1456,52,2025-10-09,2025-10-09 13:35:21,600919.SH,B,9.950,500
1457,61,2025-10-09,2025-10-09 13:35:20,000509.SZ,B,3.210,100
1458,58,2025-10-09,2025-10-09 13:35:20,000509.SZ,B,3.210,300
1459,59,2025-10-09,2025-10-09 13:35:19,000048.SZ,B,16.590,200
1460,58,2025-10-09,2025-10-09 13:35:17,600330.SH,B,11.170,300
1461,63,2025-10-09,2025-10-09 13:35:15,000725.SZ,B,4.280,200
1462,52,2025-10-09,2025-10-09 13:35:14,601616.SH,S,4.080,400
1463,52,2025-10-09,2025-10-09 13:35:14,000725.SZ,S,4.280,2200
1464,61,2025-10-09,2025-10-09 13:35:13,000700.SZ,S,10.920,100
1465,61,2025-10-09,2025-10-09 13:35:09,002015.SZ,B,11.980,100
1466,61,2025-10-09,2025-10-09 13:35:09,000676.SZ,B,9.950,100
1467,61,2025-10-09,2025-10-09 13:35:08,300421.SZ,S,18.710,100
1468,61,2025-10-09,2025-10-09 13:35:07,300135.SZ,S,4.390,100
1469,61,2025-10-09,2025-10-09 13:35:07,002434.SZ,B,9.930,100
1470,61,2025-10-09,2025-10-09 13:35:06,002269.SZ,B,2.370,100
1471,58,2025-10-09,2025-10-09 13:35:05,002772.SZ,S,10.330,100
1472,58,2025-10-09,2025-10-09 13:35:05,002011.SZ,B,14.550,300
1473,58,2025-10-09,2025-10-09 13:35:04,300873.SZ,S,25.650,100
1474,52,2025-10-09,2025-10-09 13:35:03,300873.SZ,S,25.650,100
1475,61,2025-10-09,2025-10-09 13:35:03,000703.SZ,B,6.620,200
1476,61,2025-10-09,2025-10-09 13:35:03,002518.SZ,B,42.740,100
1477,61,2025-10-09,2025-10-09 13:35:03,000061.SZ,S,8.000,100
1478,58,2025-10-09,2025-10-09 13:35:02,002269.SZ,B,2.370,300
1479,52,2025-10-09,2025-10-09 13:34:43,003816.SZ,B,3.770,200
1480,61,2025-10-09,2025-10-09 13:35:02,300102.SZ,B,12.690,100
1481,52,2025-10-09,2025-10-09 13:34:44,002871.SZ,B,16.330,200
1482,52,2025-10-09,2025-10-09 13:35:01,002662.SZ,S,3.880,300
1483,52,2025-10-09,2025-10-09 13:34:38,002624.SZ,B,18.610,300
1484,58,2025-10-09,2025-10-09 13:34:59,002011.SZ,B,14.560,300
1485,52,2025-10-09,2025-10-09 13:34:58,600733.SH,S,7.990,100
1486,52,2025-10-09,2025-10-09 13:34:58,600733.SH,S,7.990,200
1487,61,2025-10-09,2025-10-09 13:34:56,600210.SH,B,7.480,100
1488,61,2025-10-09,2025-10-09 13:34:57,300018.SZ,S,9.610,1100
1489,59,2025-10-09,2025-10-09 13:34:57,300018.SZ,S,9.610,900
1490,61,2025-10-09,2025-10-09 13:34:51,002378.SZ,B,12.820,100
1491,58,2025-10-09,2025-10-09 13:34:52,300528.SZ,S,20.120,300
1492,61,2025-10-09,2025-10-09 13:34:48,601616.SH,S,4.080,200
1493,61,2025-10-09,2025-10-09 13:34:48,601616.SH,S,4.080,100
1494,52,2025-10-09,2025-10-09 13:34:43,300748.SZ,B,38.150,200
1495,59,2025-10-09,2025-10-09 13:34:46,002326.SZ,S,17.230,100
1496,61,2025-10-09,2025-10-09 13:34:46,300755.SZ,B,20.290,100
1497,61,2025-10-09,2025-10-09 13:34:45,000680.SZ,B,10.170,600
1498,59,2025-10-09,2025-10-09 13:34:45,000680.SZ,B,10.170,500
1499,58,2025-10-09,2025-10-09 13:34:45,000680.SZ,B,10.170,600
1500,52,2025-10-09,2025-10-09 13:31:57,000680.SZ,B,10.170,600
1501,61,2025-10-09,2025-10-09 13:34:45,300471.SZ,B,11.260,100
1502,63,2025-10-09,2025-10-09 13:34:43,002065.SZ,S,10.910,100
1503,63,2025-10-09,2025-10-09 13:34:43,003816.SZ,B,3.770,2300
1504,63,2025-10-09,2025-10-09 13:34:43,003816.SZ,B,3.770,3400
1505,63,2025-10-09,2025-10-09 13:34:43,003816.SZ,B,3.770,700
1506,63,2025-10-09,2025-10-09 13:34:43,002065.SZ,S,10.910,1200
1507,61,2025-10-09,2025-10-09 13:34:42,603367.SH,B,20.070,100
1508,52,2025-10-09,2025-10-09 13:32:28,300543.SZ,B,12.710,200
1509,61,2025-10-09,2025-10-09 13:34:38,600545.SH,B,2.820,100
1510,61,2025-10-09,2025-10-09 13:34:38,002303.SZ,B,4.460,100
1511,61,2025-10-09,2025-10-09 13:34:38,300575.SZ,B,6.470,200
1512,61,2025-10-09,2025-10-09 13:34:35,002258.SZ,S,12.720,100
1513,59,2025-10-09,2025-10-09 13:34:35,300528.SZ,S,20.100,100
1514,61,2025-10-09,2025-10-09 13:34:34,300528.SZ,S,20.100,100
1515,61,2025-10-09,2025-10-09 13:34:34,300528.SZ,S,20.100,200
1516,61,2025-10-09,2025-10-09 13:34:29,002755.SZ,B,19.870,100
1517,61,2025-10-09,2025-10-09 13:34:27,300559.SZ,B,15.510,100
1518,61,2025-10-09,2025-10-09 13:34:26,603319.SH,S,42.010,200
1519,61,2025-10-09,2025-10-09 13:34:27,600052.SH,B,5.230,100
1520,52,2025-10-09,2025-10-09 13:32:30,600052.SH,B,5.230,200
1521,61,2025-10-09,2025-10-09 13:34:24,600819.SH,B,7.120,100
1522,61,2025-10-09,2025-10-09 13:34:22,603219.SH,B,18.820,100
1523,61,2025-10-09,2025-10-09 13:34:21,002616.SZ,B,6.800,100
1524,61,2025-10-09,2025-10-09 13:34:20,300409.SZ,B,26.390,100
1525,59,2025-10-09,2025-10-09 13:34:19,002544.SZ,B,26.560,300
1526,61,2025-10-09,2025-10-09 13:34:19,603579.SH,B,33.430,100
1527,61,2025-10-09,2025-10-09 13:34:18,300680.SZ,S,60.770,200
1528,59,2025-10-09,2025-10-09 13:34:18,300680.SZ,S,60.770,200
1529,63,2025-10-09,2025-10-09 13:34:16,603256.SH,S,34.940,100
1530,61,2025-10-09,2025-10-09 13:34:14,301008.SZ,B,43.570,100
1531,61,2025-10-09,2025-10-09 13:34:13,002357.SZ,B,9.960,100
1532,52,2025-10-09,2025-10-09 13:34:12,002027.SZ,S,7.920,100
1533,61,2025-10-09,2025-10-09 13:34:11,301210.SZ,B,49.810,100
1534,61,2025-10-09,2025-10-09 13:34:10,600169.SH,B,2.680,100
1535,61,2025-10-09,2025-10-09 13:34:10,300435.SZ,B,20.680,100
1536,52,2025-10-09,2025-10-09 13:31:21,600169.SH,S,2.680,2300
1537,52,2025-10-09,2025-10-09 13:34:10,300126.SZ,S,9.700,300
1538,61,2025-10-09,2025-10-09 13:34:10,600239.SH,S,2.590,5500
1539,61,2025-10-09,2025-10-09 13:34:02,002126.SZ,B,41.010,100
1540,61,2025-10-09,2025-10-09 13:34:01,600785.SH,B,12.790,100
1541,61,2025-10-09,2025-10-09 13:34:00,301071.SZ,S,35.710,200
1542,58,2025-10-09,2025-10-09 13:34:00,301071.SZ,S,35.750,200
1543,61,2025-10-09,2025-10-09 13:33:57,603703.SH,B,11.190,100
1544,61,2025-10-09,2025-10-09 13:33:50,002225.SZ,B,5.950,100
1545,63,2025-10-09,2025-10-09 13:33:46,601669.SH,B,5.770,600
1546,52,2025-10-09,2025-10-09 13:33:36,002065.SZ,B,10.910,200
1547,52,2025-10-09,2025-10-09 13:32:43,300002.SZ,B,13.940,200
1548,61,2025-10-09,2025-10-09 13:33:39,601233.SH,B,14.550,100
1549,59,2025-10-09,2025-10-09 13:33:37,002011.SZ,B,14.550,500
1550,61,2025-10-09,2025-10-09 13:33:33,603538.SH,B,21.910,100
1551,63,2025-10-09,2025-10-09 13:33:32,300765.SZ,B,44.540,200
1552,61,2025-10-09,2025-10-09 13:33:32,301229.SZ,S,23.460,200
1553,59,2025-10-09,2025-10-09 13:33:32,301229.SZ,S,23.460,100
1554,61,2025-10-09,2025-10-09 13:33:24,002584.SZ,B,8.980,100
1555,61,2025-10-09,2025-10-09 13:33:17,603088.SH,B,11.540,100
1556,61,2025-10-09,2025-10-09 13:33:14,000837.SZ,B,14.250,100
1557,61,2025-10-09,2025-10-09 13:33:09,002627.SZ,B,5.840,300
1558,52,2025-10-09,2025-10-09 13:31:50,601113.SH,B,4.160,1100
1559,58,2025-10-09,2025-10-09 13:33:09,002627.SZ,B,5.840,300
1560,52,2025-10-09,2025-10-09 13:31:21,600157.SH,S,1.710,300
1561,52,2025-10-09,2025-10-09 13:32:42,002011.SZ,B,14.530,500
1562,63,2025-10-09,2025-10-09 13:33:03,600157.SH,S,1.710,5500
1563,61,2025-10-09,2025-10-09 13:33:03,300158.SZ,B,6.570,100
1564,63,2025-10-09,2025-10-09 13:33:02,300059.SZ,S,26.820,500
1565,61,2025-10-09,2025-10-09 13:33:02,300173.SZ,B,6.040,100
1566,52,2025-10-09,2025-10-09 13:32:18,002544.SZ,B,26.590,300
1567,61,2025-10-09,2025-10-09 13:32:57,000555.SZ,B,14.170,100
1568,52,2025-10-09,2025-10-09 13:31:45,603305.SH,S,17.970,200
1569,61,2025-10-09,2025-10-09 13:32:49,003015.SZ,B,17.180,100
1570,61,2025-10-09,2025-10-09 13:32:47,601975.SH,B,3.040,100
1571,59,2025-10-09,2025-10-09 13:32:47,601975.SH,B,3.040,200
1572,58,2025-10-09,2025-10-09 13:32:46,002245.SZ,B,19.880,300
1573,61,2025-10-09,2025-10-09 13:32:43,600330.SH,B,11.190,100
1574,61,2025-10-09,2025-10-09 13:32:43,002402.SZ,B,49.060,100
1575,61,2025-10-09,2025-10-09 13:32:43,300382.SZ,B,16.400,200
1576,61,2025-10-09,2025-10-09 13:32:42,002436.SZ,B,22.670,100
1577,61,2025-10-09,2025-10-09 13:32:41,301248.SZ,S,28.370,400
1578,59,2025-10-09,2025-10-09 13:32:41,301248.SZ,S,28.370,100
1579,52,2025-10-09,2025-10-09 13:32:39,002299.SZ,S,17.450,100
1580,61,2025-10-09,2025-10-09 13:32:37,002129.SZ,B,9.490,100
1581,52,2025-10-09,2025-10-09 13:32:28,300088.SZ,B,6.800,200
1582,61,2025-10-09,2025-10-09 13:32:34,601311.SH,B,11.360,100
1583,61,2025-10-09,2025-10-09 13:32:32,002476.SZ,B,5.820,100
1584,52,2025-10-09,2025-10-09 13:32:26,300680.SZ,B,60.780,100
1585,61,2025-10-09,2025-10-09 13:32:29,603328.SH,B,12.050,200
1586,61,2025-10-09,2025-10-09 13:32:28,300005.SZ,B,8.790,100
1587,52,2025-10-09,2025-10-09 13:32:26,300680.SZ,B,60.780,100
1588,61,2025-10-09,2025-10-09 13:32:24,601208.SH,B,20.310,100
1589,61,2025-10-09,2025-10-09 13:32:24,600222.SH,B,6.510,100
1590,52,2025-10-09,2025-10-09 13:32:15,002230.SZ,S,60.360,100
1591,52,2025-10-09,2025-10-09 13:32:23,300068.SZ,B,20.700,200
1592,52,2025-10-09,2025-10-09 13:31:25,002021.SZ,S,3.100,1600
1593,61,2025-10-09,2025-10-09 13:32:23,002657.SZ,B,32.760,100
1594,61,2025-10-09,2025-10-09 13:32:22,603800.SH,S,50.490,100
1595,58,2025-10-09,2025-10-09 13:32:16,002326.SZ,B,17.230,500
1596,61,2025-10-09,2025-10-09 13:32:17,600152.SH,B,6.910,100
1597,63,2025-10-09,2025-10-09 13:32:18,601009.SH,B,10.790,200
1598,61,2025-10-09,2025-10-09 13:32:17,300184.SZ,B,12.270,100
1599,58,2025-10-09,2025-10-09 13:32:16,002326.SZ,B,17.230,200
1600,61,2025-10-09,2025-10-09 13:32:16,002544.SZ,B,26.600,200
1601,61,2025-10-09,2025-10-09 13:32:16,002544.SZ,B,26.600,100
1602,59,2025-10-09,2025-10-09 13:32:16,002245.SZ,B,19.890,200
1603,52,2025-10-09,2025-10-09 13:32:16,002326.SZ,B,17.230,500
1604,61,2025-10-09,2025-10-09 13:32:16,300126.SZ,B,9.680,100
1605,61,2025-10-09,2025-10-09 13:32:16,300537.SZ,B,25.920,100
1606,52,2025-10-09,2025-10-09 13:32:15,002245.SZ,B,19.890,200
1607,61,2025-10-09,2025-10-09 13:32:14,002530.SZ,S,11.770,100
1608,52,2025-10-09,2025-10-09 13:32:13,601818.SH,S,3.350,300
1609,61,2025-10-09,2025-10-09 13:32:10,002922.SZ,B,21.910,100
1610,59,2025-10-09,2025-10-09 13:32:08,002624.SZ,B,18.620,500
1611,61,2025-10-09,2025-10-09 13:32:06,002212.SZ,B,10.110,200
1612,61,2025-10-09,2025-10-09 13:32:06,002624.SZ,B,18.620,300
1613,59,2025-10-09,2025-10-09 13:32:05,600397.SH,S,7.320,100
1614,61,2025-10-09,2025-10-09 13:32:04,002815.SZ,B,15.160,100
1615,63,2025-10-09,2025-10-09 13:32:02,000338.SZ,B,14.290,800
1616,61,2025-10-09,2025-10-09 13:32:01,002207.SZ,S,8.230,100
1617,63,2025-10-09,2025-10-09 13:32:01,000768.SZ,B,26.600,700
1618,61,2025-10-09,2025-10-09 13:31:56,603698.SH,B,20.810,100
1619,52,2025-10-09,2025-10-09 13:31:54,000100.SZ,S,4.490,1700
1620,61,2025-10-09,2025-10-09 13:31:53,300650.SZ,B,20.720,100
1621,61,2025-10-09,2025-10-09 13:31:52,600475.SH,B,15.100,100
1622,58,2025-10-09,2025-10-09 13:31:49,002133.SZ,S,3.420,2000
1623,61,2025-10-09,2025-10-09 13:31:47,688629.SH,B,96.440,245
1624,61,2025-10-09,2025-10-09 13:31:47,002565.SZ,B,7.470,100
1625,61,2025-10-09,2025-10-09 13:31:45,002384.SZ,B,69.700,100
1626,52,2025-10-09,2025-10-09 13:31:30,002491.SZ,S,5.440,300
1627,52,2025-10-09,2025-10-09 13:31:21,000776.SZ,B,22.960,200
1628,61,2025-10-09,2025-10-09 13:31:42,300873.SZ,S,25.700,100
1629,59,2025-10-09,2025-10-09 13:31:42,300873.SZ,S,25.700,100
1630,52,2025-10-09,2025-10-09 13:31:36,603901.SH,B,11.460,200
1631,61,2025-10-09,2025-10-09 13:31:38,002484.SZ,B,30.190,100
1632,52,2025-10-09,2025-10-09 13:31:38,601975.SH,S,3.040,1100
1633,61,2025-10-09,2025-10-09 13:31:36,300128.SZ,B,6.540,400
1634,61,2025-10-09,2025-10-09 13:31:36,300322.SZ,S,24.190,100
1635,52,2025-10-09,2025-10-09 13:31:35,600397.SH,S,7.320,100
1636,61,2025-10-09,2025-10-09 13:31:33,300767.SZ,S,24.620,400
1637,61,2025-10-09,2025-10-09 13:31:31,601113.SH,B,4.160,1700
