,fund_id,trade_dt,trade_time,s_info_windcode,direction,price,qty
0,63,2025-09-29,2025-09-29 14:56:53,600537.SH,S,3.960,100
1,63,2025-09-29,2025-09-29 14:56:53,600968.SH,S,3.860,4600
2,63,2025-09-29,2025-09-29 14:56:53,000560.SZ,S,3.010,400
3,63,2025-09-29,2025-09-29 14:56:46,003816.SZ,S,3.630,9400
4,63,2025-09-29,2025-09-29 14:56:41,301090.SZ,S,7.590,800
5,63,2025-09-29,2025-09-29 14:56:34,600105.SH,B,12.500,7700
6,63,2025-09-29,2025-09-29 14:56:34,002311.SZ,S,63.260,300
7,58,2025-09-29,2025-09-29 14:56:33,002902.SZ,B,23.800,900
8,63,2025-09-29,2025-09-29 14:56:34,000778.SZ,S,3.790,400
9,63,2025-09-29,2025-09-29 14:56:33,600160.SH,S,39.500,200
10,63,2025-09-29,2025-09-29 14:56:34,000778.SZ,S,3.790,300
11,63,2025-09-29,2025-09-29 14:56:33,300158.SZ,S,6.570,300
12,58,2025-09-29,2025-09-29 14:56:31,002622.SZ,S,3.210,1900
13,63,2025-09-29,2025-09-29 14:56:30,600221.SH,B,1.600,400
14,63,2025-09-29,2025-09-29 14:56:30,600221.SH,B,1.600,500
15,63,2025-09-29,2025-09-29 14:56:30,601818.SH,S,3.390,8400
16,63,2025-09-29,2025-09-29 14:56:30,601818.SH,S,3.390,600
17,52,2025-09-29,2025-09-29 14:56:30,300328.SZ,B,17.000,200
18,63,2025-09-29,2025-09-29 14:56:29,688235.SH,B,301.090,338
19,63,2025-09-29,2025-09-29 14:56:29,000564.SZ,B,2.590,14700
20,63,2025-09-29,2025-09-29 14:56:27,601658.SH,B,5.860,10200
21,58,2025-09-29,2025-09-29 14:56:28,002622.SZ,S,3.210,1100
22,63,2025-09-29,2025-09-29 14:56:27,601728.SH,S,6.670,1000
23,63,2025-09-29,2025-09-29 14:56:27,601728.SH,S,6.670,900
24,63,2025-09-29,2025-09-29 14:56:27,601728.SH,S,6.670,700
25,63,2025-09-29,2025-09-29 14:56:27,601728.SH,S,6.670,1100
26,63,2025-09-29,2025-09-29 14:56:27,601728.SH,S,6.670,3500
27,63,2025-09-29,2025-09-29 14:56:27,688235.SH,B,301.090,126
28,63,2025-09-29,2025-09-29 14:56:27,600604.SH,S,5.930,200
29,63,2025-09-29,2025-09-29 14:56:26,002544.SZ,S,27.730,200
30,63,2025-09-29,2025-09-29 14:56:26,600362.SH,B,32.260,1200
31,63,2025-09-29,2025-09-29 14:56:26,002603.SZ,S,15.860,300
32,63,2025-09-29,2025-09-29 14:56:26,600690.SH,S,25.530,200
33,63,2025-09-29,2025-09-29 14:56:25,300188.SZ,S,15.330,300
34,63,2025-09-29,2025-09-29 14:56:25,002352.SZ,S,40.000,100
35,63,2025-09-29,2025-09-29 14:56:25,002352.SZ,S,40.000,100
36,63,2025-09-29,2025-09-29 14:56:24,601166.SH,B,20.110,2100
37,63,2025-09-29,2025-09-29 14:56:24,601166.SH,B,20.110,300
38,63,2025-09-29,2025-09-29 14:56:24,601166.SH,B,20.110,300
39,63,2025-09-29,2025-09-29 14:56:24,601166.SH,B,20.110,900
40,52,2025-09-29,2025-09-29 14:56:24,001211.SZ,S,26.390,300
41,63,2025-09-29,2025-09-29 14:56:23,601628.SH,S,39.740,100
42,63,2025-09-29,2025-09-29 14:56:23,600690.SH,S,25.530,600
43,63,2025-09-29,2025-09-29 14:56:23,002371.SZ,B,458.300,100
44,63,2025-09-29,2025-09-29 14:56:23,300732.SZ,S,8.380,500
45,63,2025-09-29,2025-09-29 14:56:23,600362.SH,B,32.260,2400
46,63,2025-09-29,2025-09-29 14:56:23,300138.SZ,S,12.950,500
47,63,2025-09-29,2025-09-29 14:56:23,300009.SZ,S,9.990,400
48,63,2025-09-29,2025-09-29 14:56:22,600732.SH,S,16.380,1000
49,63,2025-09-29,2025-09-29 14:56:22,600732.SH,S,16.390,100
50,63,2025-09-29,2025-09-29 14:56:23,300421.SZ,B,19.280,600
51,63,2025-09-29,2025-09-29 14:56:22,600732.SH,S,16.390,100
52,63,2025-09-29,2025-09-29 14:56:22,002859.SZ,S,32.460,200
53,63,2025-09-29,2025-09-29 14:56:22,600732.SH,S,16.390,200
54,63,2025-09-29,2025-09-29 14:56:22,600446.SH,S,18.230,100
55,63,2025-09-29,2025-09-29 14:56:22,600446.SH,S,18.230,100
56,63,2025-09-29,2025-09-29 14:56:22,600446.SH,S,18.230,100
57,63,2025-09-29,2025-09-29 14:56:22,600732.SH,S,16.390,100
58,63,2025-09-29,2025-09-29 14:56:22,601881.SH,S,17.780,500
59,63,2025-09-29,2025-09-29 14:56:22,601600.SH,B,8.160,1400
60,63,2025-09-29,2025-09-29 14:56:22,600150.SH,S,34.570,100
61,63,2025-09-29,2025-09-29 14:56:22,600446.SH,S,18.230,100
62,63,2025-09-29,2025-09-29 14:56:22,600446.SH,S,18.230,100
63,63,2025-09-29,2025-09-29 14:56:22,600446.SH,S,18.230,100
64,63,2025-09-29,2025-09-29 14:56:22,600446.SH,S,18.230,100
65,63,2025-09-29,2025-09-29 14:56:22,601985.SH,B,8.720,2900
66,63,2025-09-29,2025-09-29 14:56:22,600983.SH,S,10.320,400
67,61,2025-09-29,2025-09-29 14:56:22,300088.SZ,B,6.640,1400
68,63,2025-09-29,2025-09-29 14:56:22,002583.SZ,S,11.410,300
69,63,2025-09-29,2025-09-29 14:56:22,002261.SZ,S,35.650,100
70,52,2025-09-29,2025-09-29 14:56:22,002632.SZ,S,10.650,300
71,63,2025-09-29,2025-09-29 14:56:21,300001.SZ,S,27.020,200
72,61,2025-09-29,2025-09-29 14:56:21,002981.SZ,B,30.840,300
73,63,2025-09-29,2025-09-29 14:56:21,601555.SH,S,9.870,400
74,63,2025-09-29,2025-09-29 14:56:20,601096.SH,S,4.320,100
75,63,2025-09-29,2025-09-29 14:56:20,601096.SH,S,4.320,300
76,63,2025-09-29,2025-09-29 14:56:20,601096.SH,S,4.320,100
77,63,2025-09-29,2025-09-29 14:56:21,600673.SH,B,23.820,200
78,63,2025-09-29,2025-09-29 14:56:20,601096.SH,S,4.320,100
79,63,2025-09-29,2025-09-29 14:56:20,601096.SH,S,4.320,100
80,63,2025-09-29,2025-09-29 14:56:20,601096.SH,S,4.320,100
81,63,2025-09-29,2025-09-29 14:56:20,601096.SH,S,4.320,100
82,63,2025-09-29,2025-09-29 14:56:20,600029.SH,S,5.930,1700
83,63,2025-09-29,2025-09-29 14:56:20,002714.SZ,B,53.080,100
84,63,2025-09-29,2025-09-29 14:56:20,002714.SZ,B,53.080,200
85,63,2025-09-29,2025-09-29 14:56:20,002714.SZ,B,53.080,100
86,63,2025-09-29,2025-09-29 14:56:20,600688.SH,S,2.700,1800
87,63,2025-09-29,2025-09-29 14:56:20,300433.SZ,S,32.550,100
88,61,2025-09-29,2025-09-29 14:56:20,600239.SH,S,2.690,5800
89,63,2025-09-29,2025-09-29 14:56:20,001391.SZ,S,6.540,2000
90,63,2025-09-29,2025-09-29 14:56:19,000932.SZ,S,6.480,110
91,63,2025-09-29,2025-09-29 14:56:19,000932.SZ,S,6.480,500
92,61,2025-09-29,2025-09-29 14:56:20,600857.SH,S,16.890,600
93,63,2025-09-29,2025-09-29 14:56:20,002714.SZ,B,53.080,500
94,63,2025-09-29,2025-09-29 14:56:19,600941.SH,S,105.290,400
95,63,2025-09-29,2025-09-29 14:56:19,000069.SZ,B,2.570,19900
96,63,2025-09-29,2025-09-29 14:56:19,000932.SZ,S,6.480,690
97,63,2025-09-29,2025-09-29 14:56:19,601606.SH,S,41.810,100
98,63,2025-09-29,2025-09-29 14:56:18,002688.SZ,S,6.580,600
99,63,2025-09-29,2025-09-29 14:56:17,600941.SH,S,105.290,100
100,63,2025-09-29,2025-09-29 14:56:17,600795.SH,S,4.970,5700
101,63,2025-09-29,2025-09-29 14:56:17,600795.SH,S,4.970,200
102,63,2025-09-29,2025-09-29 14:56:17,601633.SH,S,24.390,200
103,63,2025-09-29,2025-09-29 14:56:17,600795.SH,S,4.970,5000
104,63,2025-09-29,2025-09-29 14:56:17,600926.SH,S,15.380,100
105,63,2025-09-29,2025-09-29 14:56:17,600926.SH,S,15.380,100
106,63,2025-09-29,2025-09-29 14:56:17,300459.SZ,S,4.810,200
107,63,2025-09-29,2025-09-29 14:56:17,600795.SH,S,4.970,2200
108,63,2025-09-29,2025-09-29 14:56:17,600926.SH,S,15.380,100
109,63,2025-09-29,2025-09-29 14:56:17,300459.SZ,S,4.810,1200
110,52,2025-09-29,2025-09-29 14:56:17,002755.SZ,B,20.230,100
111,63,2025-09-29,2025-09-29 14:56:16,002415.SZ,S,31.210,300
112,63,2025-09-29,2025-09-29 14:56:16,002415.SZ,S,31.210,400
113,63,2025-09-29,2025-09-29 14:56:16,002415.SZ,S,31.210,500
114,61,2025-09-29,2025-09-29 14:56:16,600239.SH,S,2.690,5800
115,63,2025-09-29,2025-09-29 14:56:16,002115.SZ,B,10.770,700
116,63,2025-09-29,2025-09-29 14:56:16,300459.SZ,S,4.810,1400
117,63,2025-09-29,2025-09-29 14:56:16,002657.SZ,B,32.520,100
118,52,2025-09-29,2025-09-29 14:56:16,002902.SZ,B,23.800,400
119,63,2025-09-29,2025-09-29 14:56:15,603766.SH,S,12.130,500
120,63,2025-09-29,2025-09-29 14:56:15,603766.SH,S,12.130,100
121,63,2025-09-29,2025-09-29 14:56:15,603766.SH,S,12.130,100
122,63,2025-09-29,2025-09-29 14:56:15,600267.SH,S,10.390,500
123,63,2025-09-29,2025-09-29 14:56:15,000008.SZ,S,2.870,1700
124,58,2025-09-29,2025-09-29 14:56:14,000890.SZ,S,4.550,800
125,63,2025-09-29,2025-09-29 14:56:15,605098.SH,S,37.430,100
126,63,2025-09-29,2025-09-29 14:56:15,600029.SH,S,5.930,1700
127,61,2025-09-29,2025-09-29 14:56:15,600157.SH,S,1.610,1630
128,63,2025-09-29,2025-09-29 14:56:15,002487.SZ,S,47.230,100
129,63,2025-09-29,2025-09-29 14:56:15,600026.SH,B,12.060,700
130,59,2025-09-29,2025-09-29 14:56:15,600157.SH,S,1.610,1130
131,63,2025-09-29,2025-09-29 14:56:15,600150.SH,S,34.570,200
132,59,2025-09-29,2025-09-29 14:56:15,600157.SH,S,1.610,370
133,63,2025-09-29,2025-09-29 14:56:15,600038.SH,S,35.740,100
134,63,2025-09-29,2025-09-29 14:56:15,600688.SH,S,2.700,1800
135,61,2025-09-29,2025-09-29 14:56:15,600157.SH,S,1.610,2000
136,61,2025-09-29,2025-09-29 14:56:15,600157.SH,S,1.610,470
137,63,2025-09-29,2025-09-29 14:56:15,300498.SZ,B,18.740,2600
138,63,2025-09-29,2025-09-29 14:56:15,000423.SZ,S,47.680,100
139,63,2025-09-29,2025-09-29 14:56:15,300722.SZ,S,30.840,100
140,63,2025-09-29,2025-09-29 14:56:15,300498.SZ,B,18.740,100
141,63,2025-09-29,2025-09-29 14:56:15,300515.SZ,S,20.100,300
142,63,2025-09-29,2025-09-29 14:56:15,001391.SZ,S,6.540,2100
143,52,2025-09-29,2025-09-29 14:56:13,300738.SZ,B,22.250,100
144,52,2025-09-29,2025-09-29 14:56:15,603903.SH,S,12.170,400
145,52,2025-09-29,2025-09-29 14:56:15,000890.SZ,S,4.550,500
146,52,2025-09-29,2025-09-29 14:56:15,301235.SZ,S,33.550,100
147,58,2025-09-29,2025-09-29 14:56:13,002902.SZ,B,23.800,900
148,58,2025-09-29,2025-09-29 14:56:13,300199.SZ,B,21.000,200
149,63,2025-09-29,2025-09-29 14:56:14,600941.SH,S,105.290,100
150,63,2025-09-29,2025-09-29 14:56:14,603811.SH,S,12.880,100
151,63,2025-09-29,2025-09-29 14:56:14,600941.SH,S,105.290,100
152,63,2025-09-29,2025-09-29 14:56:14,603811.SH,S,12.880,1000
153,63,2025-09-29,2025-09-29 14:56:14,601138.SH,S,66.580,100
154,63,2025-09-29,2025-09-29 14:56:14,600233.SH,B,18.830,500
155,63,2025-09-29,2025-09-29 14:56:14,600741.SH,S,20.420,300
156,63,2025-09-29,2025-09-29 14:56:14,600875.SH,S,19.020,200
157,63,2025-09-29,2025-09-29 14:56:14,000858.SZ,S,122.250,200
158,63,2025-09-29,2025-09-29 14:56:13,600919.SH,B,10.170,11500
159,63,2025-09-29,2025-09-29 14:56:13,603486.SH,S,104.910,100
160,63,2025-09-29,2025-09-29 14:56:13,600219.SH,S,3.920,200
161,63,2025-09-29,2025-09-29 14:56:13,000166.SZ,S,5.340,300
162,63,2025-09-29,2025-09-29 14:56:13,000166.SZ,S,5.340,100
163,63,2025-09-29,2025-09-29 14:56:13,000166.SZ,S,5.340,100
164,63,2025-09-29,2025-09-29 14:56:13,000166.SZ,S,5.340,1400
165,63,2025-09-29,2025-09-29 14:56:13,001338.SZ,S,11.300,600
166,63,2025-09-29,2025-09-29 14:56:13,002414.SZ,B,11.970,400
167,63,2025-09-29,2025-09-29 14:56:13,300850.SZ,S,42.310,100
168,63,2025-09-29,2025-09-29 14:56:12,603185.SH,S,21.250,100
169,63,2025-09-29,2025-09-29 14:56:12,600028.SH,B,5.330,3812
170,63,2025-09-29,2025-09-29 14:56:12,603053.SH,S,10.500,200
171,63,2025-09-29,2025-09-29 14:56:12,603185.SH,S,21.250,100
172,61,2025-09-29,2025-09-29 14:56:13,300400.SZ,S,24.640,200
173,63,2025-09-29,2025-09-29 14:56:12,600028.SH,B,5.330,3000
174,63,2025-09-29,2025-09-29 14:56:12,603185.SH,S,21.250,200
175,63,2025-09-29,2025-09-29 14:56:12,601083.SH,S,11.520,100
176,63,2025-09-29,2025-09-29 14:56:12,601083.SH,S,11.520,100
177,63,2025-09-29,2025-09-29 14:56:12,601083.SH,S,11.520,100
178,63,2025-09-29,2025-09-29 14:56:12,601083.SH,S,11.520,100
179,63,2025-09-29,2025-09-29 14:56:12,601083.SH,S,11.520,100
180,63,2025-09-29,2025-09-29 14:56:12,601083.SH,S,11.520,100
181,63,2025-09-29,2025-09-29 14:56:12,600028.SH,B,5.330,1488
182,63,2025-09-29,2025-09-29 14:56:12,300595.SZ,S,16.660,200
183,58,2025-09-29,2025-09-29 14:56:10,300199.SZ,B,21.000,100
184,58,2025-09-29,2025-09-29 14:56:10,300199.SZ,B,21.000,200
185,63,2025-09-29,2025-09-29 14:56:11,601816.SH,S,5.220,3226
186,63,2025-09-29,2025-09-29 14:56:11,601816.SH,S,5.220,100
187,63,2025-09-29,2025-09-29 14:56:11,601816.SH,S,5.220,1174
188,63,2025-09-29,2025-09-29 14:56:11,603786.SH,S,107.430,100
189,63,2025-09-29,2025-09-29 14:56:11,603806.SH,S,15.600,400
190,63,2025-09-29,2025-09-29 14:56:11,300996.SZ,S,17.370,100
191,63,2025-09-29,2025-09-29 14:56:10,000050.SZ,S,9.970,400
192,63,2025-09-29,2025-09-29 14:56:10,600104.SH,B,16.910,400
193,63,2025-09-29,2025-09-29 14:56:10,600745.SH,S,48.160,300
194,63,2025-09-29,2025-09-29 14:56:10,600745.SH,S,48.160,200
195,61,2025-09-29,2025-09-29 14:56:10,300328.SZ,B,17.000,200
196,63,2025-09-29,2025-09-29 14:56:09,600658.SH,B,5.530,900
197,63,2025-09-29,2025-09-29 14:56:10,002542.SZ,S,3.570,1100
198,63,2025-09-29,2025-09-29 14:56:09,600887.SH,S,27.180,200
199,63,2025-09-29,2025-09-29 14:56:10,002542.SZ,S,3.570,800
200,63,2025-09-29,2025-09-29 14:56:09,600658.SH,B,5.530,500
201,63,2025-09-29,2025-09-29 14:56:09,600312.SH,S,16.510,300
202,63,2025-09-29,2025-09-29 14:56:09,301511.SZ,S,36.220,200
203,52,2025-09-29,2025-09-29 14:56:10,002622.SZ,S,3.200,1100
204,52,2025-09-29,2025-09-29 14:56:10,300748.SZ,B,34.520,100
205,59,2025-09-29,2025-09-29 14:56:09,603595.SH,S,26.550,100
206,58,2025-09-29,2025-09-29 14:56:08,002456.SZ,B,12.980,600
207,58,2025-09-29,2025-09-29 14:56:08,002456.SZ,B,12.980,100
208,63,2025-09-29,2025-09-29 14:56:09,600845.SH,S,23.030,200
209,52,2025-09-29,2025-09-29 14:56:09,002902.SZ,B,23.800,500
210,52,2025-09-29,2025-09-29 14:56:09,002356.SZ,B,3.530,1800
211,58,2025-09-29,2025-09-29 14:56:07,300088.SZ,B,6.640,1400
212,58,2025-09-29,2025-09-29 14:56:07,002632.SZ,S,10.660,1500
213,63,2025-09-29,2025-09-29 14:56:08,600845.SH,S,23.030,300
214,63,2025-09-29,2025-09-29 14:56:08,603699.SH,S,44.100,100
215,63,2025-09-29,2025-09-29 14:56:08,002913.SZ,S,40.560,100
216,63,2025-09-29,2025-09-29 14:56:08,605168.SH,S,30.300,700
217,63,2025-09-29,2025-09-29 14:56:08,600346.SH,B,16.990,1100
218,61,2025-09-29,2025-09-29 14:56:07,600798.SH,S,3.890,800
219,63,2025-09-29,2025-09-29 14:56:07,601339.SH,S,5.370,1000
220,59,2025-09-29,2025-09-29 14:56:07,600798.SH,S,3.890,300
221,63,2025-09-29,2025-09-29 14:56:07,600276.SH,S,69.400,200
222,63,2025-09-29,2025-09-29 14:56:07,601009.SH,S,11.120,100
223,63,2025-09-29,2025-09-29 14:56:07,300811.SZ,S,74.940,100
224,63,2025-09-29,2025-09-29 14:56:07,601009.SH,S,11.120,100
225,63,2025-09-29,2025-09-29 14:56:07,601009.SH,S,11.120,100
226,61,2025-09-29,2025-09-29 14:56:07,600967.SH,B,18.360,200
227,63,2025-09-29,2025-09-29 14:56:07,601009.SH,S,11.120,500
228,63,2025-09-29,2025-09-29 14:56:07,002353.SZ,S,57.300,100
229,63,2025-09-29,2025-09-29 14:56:06,600036.SH,B,40.850,1800
230,63,2025-09-29,2025-09-29 14:56:06,600036.SH,B,40.840,200
231,63,2025-09-29,2025-09-29 14:56:06,600036.SH,B,40.840,200
232,63,2025-09-29,2025-09-29 14:56:07,002384.SZ,S,73.240,200
233,63,2025-09-29,2025-09-29 14:56:07,300421.SZ,B,19.220,1400
234,63,2025-09-29,2025-09-29 14:56:06,601901.SH,S,8.250,2300
235,63,2025-09-29,2025-09-29 14:56:06,600063.SH,S,6.120,400
236,63,2025-09-29,2025-09-29 14:56:06,000059.SZ,S,5.130,700
237,63,2025-09-29,2025-09-29 14:56:06,600143.SH,B,20.990,200
238,63,2025-09-29,2025-09-29 14:56:05,601607.SH,S,17.850,200
239,63,2025-09-29,2025-09-29 14:56:06,600917.SH,S,5.700,200
240,63,2025-09-29,2025-09-29 14:56:06,600415.SH,S,18.900,700
241,63,2025-09-29,2025-09-29 14:56:06,000009.SZ,S,12.010,800
242,63,2025-09-29,2025-09-29 14:56:06,300709.SZ,S,51.530,100
243,63,2025-09-29,2025-09-29 14:56:05,600535.SH,S,15.630,1000
244,58,2025-09-29,2025-09-29 14:56:05,300204.SZ,B,33.500,200
245,63,2025-09-29,2025-09-29 14:56:06,000059.SZ,S,5.130,500
246,63,2025-09-29,2025-09-29 14:56:05,002484.SZ,B,30.820,100
247,63,2025-09-29,2025-09-29 14:56:05,600660.SH,S,72.680,100
248,61,2025-09-29,2025-09-29 14:56:04,000593.SZ,S,7.380,1500
249,63,2025-09-29,2025-09-29 14:56:05,000568.SZ,S,133.040,100
250,63,2025-09-29,2025-09-29 14:56:04,600995.SH,S,12.360,1100
251,61,2025-09-29,2025-09-29 14:56:04,000593.SZ,S,7.380,300
252,63,2025-09-29,2025-09-29 14:56:05,603809.SH,B,16.780,2300
253,61,2025-09-29,2025-09-29 14:56:04,000593.SZ,S,7.380,100
254,63,2025-09-29,2025-09-29 14:56:04,300835.SZ,S,64.430,100
255,58,2025-09-29,2025-09-29 14:56:04,600967.SH,B,18.360,200
256,58,2025-09-29,2025-09-29 14:56:04,003040.SZ,B,20.740,200
257,52,2025-09-29,2025-09-29 14:56:05,300364.SZ,B,26.850,100
258,52,2025-09-29,2025-09-29 14:56:05,002981.SZ,B,30.820,100
259,63,2025-09-29,2025-09-29 14:56:05,002708.SZ,B,13.870,700
260,63,2025-09-29,2025-09-29 14:56:04,002128.SZ,S,22.440,700
261,63,2025-09-29,2025-09-29 14:56:04,600326.SH,S,12.140,300
262,52,2025-09-29,2025-09-29 14:56:04,605050.SH,B,17.690,100
263,59,2025-09-29,2025-09-29 14:56:03,000593.SZ,S,7.380,300
264,59,2025-09-29,2025-09-29 14:56:03,000593.SZ,S,7.380,500
265,63,2025-09-29,2025-09-29 14:56:03,601567.SH,S,24.480,500
266,63,2025-09-29,2025-09-29 14:56:03,600111.SH,B,46.610,200
267,63,2025-09-29,2025-09-29 14:56:03,600111.SH,B,46.610,200
268,63,2025-09-29,2025-09-29 14:56:03,000059.SZ,S,5.130,1000
269,63,2025-09-29,2025-09-29 14:56:03,601567.SH,S,24.480,100
270,63,2025-09-29,2025-09-29 14:56:03,600487.SH,S,23.110,300
271,63,2025-09-29,2025-09-29 14:56:03,600111.SH,B,46.610,500
272,63,2025-09-29,2025-09-29 14:56:02,000937.SZ,S,5.890,600
273,63,2025-09-29,2025-09-29 14:56:02,000937.SZ,S,5.890,100
274,58,2025-09-29,2025-09-29 14:56:02,603538.SH,B,21.630,100
275,58,2025-09-29,2025-09-29 14:56:02,603538.SH,B,21.620,100
276,52,2025-09-29,2025-09-29 14:56:03,001211.SZ,S,26.420,700
277,63,2025-09-29,2025-09-29 14:56:01,002256.SZ,B,3.110,2000
278,63,2025-09-29,2025-09-29 14:56:01,002256.SZ,B,3.110,1000
279,63,2025-09-29,2025-09-29 14:56:02,601456.SH,S,11.200,800
280,63,2025-09-29,2025-09-29 14:56:02,600547.SH,S,38.970,200
281,63,2025-09-29,2025-09-29 14:56:02,603799.SH,S,60.210,400
282,63,2025-09-29,2025-09-29 14:56:01,002256.SZ,B,3.110,700
283,63,2025-09-29,2025-09-29 14:56:02,002648.SZ,S,19.300,500
284,58,2025-09-29,2025-09-29 14:56:01,300581.SZ,B,16.470,300
285,52,2025-09-29,2025-09-29 14:48:03,002356.SZ,B,3.520,200
286,52,2025-09-29,2025-09-29 14:48:03,002356.SZ,B,3.520,100
287,52,2025-09-29,2025-09-29 14:48:03,002356.SZ,B,3.520,100
288,52,2025-09-29,2025-09-29 14:48:03,002356.SZ,B,3.520,400
289,52,2025-09-29,2025-09-29 14:48:03,002356.SZ,B,3.520,100
290,52,2025-09-29,2025-09-29 14:48:03,002356.SZ,B,3.520,100
291,63,2025-09-29,2025-09-29 14:56:01,603929.SH,S,42.870,200
292,63,2025-09-29,2025-09-29 14:56:00,600459.SH,S,16.760,100
293,63,2025-09-29,2025-09-29 14:56:00,600459.SH,S,16.760,100
294,63,2025-09-29,2025-09-29 14:56:00,688403.SH,B,18.780,771
295,63,2025-09-29,2025-09-29 14:56:00,601126.SH,S,19.070,100
296,63,2025-09-29,2025-09-29 14:56:00,300224.SZ,S,16.180,700
297,58,2025-09-29,2025-09-29 14:56:00,002981.SZ,B,30.820,300
298,58,2025-09-29,2025-09-29 14:56:00,001211.SZ,S,26.430,300
299,58,2025-09-29,2025-09-29 14:56:00,001211.SZ,S,26.430,100
300,58,2025-09-29,2025-09-29 14:56:00,300322.SZ,B,23.310,200
301,58,2025-09-29,2025-09-29 14:56:00,001211.SZ,S,26.430,100
302,58,2025-09-29,2025-09-29 14:56:00,001211.SZ,S,26.440,100
303,58,2025-09-29,2025-09-29 14:56:00,001211.SZ,S,26.440,200
304,58,2025-09-29,2025-09-29 14:56:00,001211.SZ,S,26.440,200
305,58,2025-09-29,2025-09-29 14:56:00,001211.SZ,S,26.440,200
306,58,2025-09-29,2025-09-29 14:56:00,001211.SZ,S,26.440,100
307,58,2025-09-29,2025-09-29 14:56:00,001211.SZ,S,26.440,100
308,58,2025-09-29,2025-09-29 14:56:00,001211.SZ,S,26.440,100
309,58,2025-09-29,2025-09-29 14:56:00,001211.SZ,S,26.440,100
310,58,2025-09-29,2025-09-29 14:56:00,001211.SZ,S,26.440,100
311,58,2025-09-29,2025-09-29 14:56:00,001211.SZ,S,26.440,100
312,58,2025-09-29,2025-09-29 14:56:00,001211.SZ,S,26.440,100
313,58,2025-09-29,2025-09-29 14:56:00,001211.SZ,S,26.440,100
314,58,2025-09-29,2025-09-29 14:56:00,001211.SZ,S,26.440,200
315,58,2025-09-29,2025-09-29 14:56:00,001211.SZ,S,26.440,100
316,58,2025-09-29,2025-09-29 14:56:00,001211.SZ,S,26.440,100
317,58,2025-09-29,2025-09-29 14:56:00,001211.SZ,S,26.440,100
318,58,2025-09-29,2025-09-29 14:56:00,001211.SZ,S,26.440,100
319,58,2025-09-29,2025-09-29 14:56:00,001211.SZ,S,26.440,100
320,58,2025-09-29,2025-09-29 14:56:00,001211.SZ,S,26.440,100
321,58,2025-09-29,2025-09-29 14:56:00,300364.SZ,B,26.860,200
322,63,2025-09-29,2025-09-29 14:56:00,000921.SZ,S,26.560,200
323,63,2025-09-29,2025-09-29 14:56:00,000921.SZ,S,26.560,400
324,63,2025-09-29,2025-09-29 14:56:00,002940.SZ,S,37.430,200
325,63,2025-09-29,2025-09-29 14:56:00,603013.SH,B,26.540,300
326,63,2025-09-29,2025-09-29 14:56:00,000672.SZ,S,10.020,400
327,63,2025-09-29,2025-09-29 14:56:00,600584.SH,B,40.830,200
328,63,2025-09-29,2025-09-29 14:56:00,301188.SZ,S,17.190,200
329,63,2025-09-29,2025-09-29 14:56:00,300505.SZ,S,20.400,200
330,61,2025-09-29,2025-09-29 14:55:59,002354.SZ,B,6.920,900
331,61,2025-09-29,2025-09-29 14:55:59,002354.SZ,B,6.920,100
332,63,2025-09-29,2025-09-29 14:56:00,600489.SH,S,21.130,1000
333,63,2025-09-29,2025-09-29 14:56:00,001309.SZ,S,184.600,100
334,58,2025-09-29,2025-09-29 14:56:00,603903.SH,S,12.180,400
335,58,2025-09-29,2025-09-29 14:56:00,601168.SH,B,21.510,100
336,58,2025-09-29,2025-09-29 14:56:00,601168.SH,B,21.510,100
337,52,2025-09-29,2025-09-29 14:56:00,300581.SZ,B,16.470,200
338,52,2025-09-29,2025-09-29 14:56:00,002046.SZ,B,26.720,100
339,63,2025-09-29,2025-09-29 14:56:00,000959.SZ,S,4.080,1300
340,63,2025-09-29,2025-09-29 14:56:00,000959.SZ,S,4.080,100
341,63,2025-09-29,2025-09-29 14:55:58,600010.SH,S,2.330,300
342,63,2025-09-29,2025-09-29 14:55:58,601012.SH,B,17.570,2100
343,58,2025-09-29,2025-09-29 14:55:58,600157.SH,S,1.610,830
344,58,2025-09-29,2025-09-29 14:55:58,600157.SH,S,1.610,2670
345,58,2025-09-29,2025-09-29 14:55:58,002981.SZ,B,30.820,100
346,59,2025-09-29,2025-09-29 14:55:59,002354.SZ,B,6.920,600
347,59,2025-09-29,2025-09-29 14:55:59,002354.SZ,B,6.920,400
348,63,2025-09-29,2025-09-29 14:55:57,601868.SH,S,2.400,6500
349,52,2025-09-29,2025-09-29 14:55:58,600157.SH,S,1.610,1400
350,63,2025-09-29,2025-09-29 14:55:56,600585.SH,B,23.350,300
351,63,2025-09-29,2025-09-29 14:55:57,300776.SZ,S,72.640,100
352,63,2025-09-29,2025-09-29 14:55:57,002690.SZ,S,20.680,500
353,61,2025-09-29,2025-09-29 14:55:56,002222.SZ,S,48.930,100
354,63,2025-09-29,2025-09-29 14:55:56,002733.SZ,S,21.230,200
355,58,2025-09-29,2025-09-29 14:55:57,603903.SH,S,12.180,300
356,58,2025-09-29,2025-09-29 14:55:57,603903.SH,S,12.180,100
357,63,2025-09-29,2025-09-29 14:55:55,601212.SH,S,3.990,300
358,52,2025-09-29,2025-09-29 14:55:56,600857.SH,S,16.900,500
359,52,2025-09-29,2025-09-29 14:55:56,600857.SH,S,16.900,300
360,63,2025-09-29,2025-09-29 14:55:56,600036.SH,B,40.840,100
361,63,2025-09-29,2025-09-29 14:55:54,002690.SZ,S,20.670,100
362,63,2025-09-29,2025-09-29 14:55:54,002690.SZ,S,20.680,100
363,58,2025-09-29,2025-09-29 14:55:54,300328.SZ,B,17.000,200
364,63,2025-09-29,2025-09-29 14:55:53,600967.SH,B,18.350,400
365,63,2025-09-29,2025-09-29 14:55:52,002594.SZ,B,108.600,100
366,63,2025-09-29,2025-09-29 14:55:52,600482.SH,S,22.050,500
367,63,2025-09-29,2025-09-29 14:55:51,000066.SZ,B,16.970,879
368,63,2025-09-29,2025-09-29 14:55:51,000066.SZ,B,16.970,221
369,58,2025-09-29,2025-09-29 14:55:52,603903.SH,S,12.180,300
370,61,2025-09-29,2025-09-29 14:55:51,000890.SZ,S,4.560,600
371,63,2025-09-29,2025-09-29 14:55:51,601872.SH,B,8.710,580
372,63,2025-09-29,2025-09-29 14:55:51,601872.SH,B,8.710,600
373,63,2025-09-29,2025-09-29 14:55:51,601872.SH,B,8.710,100
374,63,2025-09-29,2025-09-29 14:55:51,601872.SH,B,8.710,1500
375,63,2025-09-29,2025-09-29 14:55:50,000338.SZ,S,13.920,300
376,63,2025-09-29,2025-09-29 14:55:51,601872.SH,B,8.710,200
377,63,2025-09-29,2025-09-29 14:55:50,002544.SZ,S,27.730,100
378,63,2025-09-29,2025-09-29 14:55:51,601872.SH,B,8.710,420
379,63,2025-09-29,2025-09-29 14:55:50,002544.SZ,S,27.740,100
380,63,2025-09-29,2025-09-29 14:55:50,002544.SZ,S,27.740,100
381,63,2025-09-29,2025-09-29 14:55:49,000977.SZ,B,72.510,700
382,58,2025-09-29,2025-09-29 14:55:46,002354.SZ,B,6.910,800
383,52,2025-09-29,2025-09-29 14:48:00,002356.SZ,B,3.520,900
384,63,2025-09-29,2025-09-29 14:55:46,601211.SH,S,19.030,100
385,63,2025-09-29,2025-09-29 14:55:44,603259.SH,S,105.260,200
386,63,2025-09-29,2025-09-29 14:55:44,300763.SZ,S,88.480,300
387,58,2025-09-29,2025-09-29 14:55:44,300738.SZ,B,22.240,200
388,58,2025-09-29,2025-09-29 14:55:44,002265.SZ,B,29.380,200
389,63,2025-09-29,2025-09-29 14:55:42,002812.SZ,S,45.710,300
390,63,2025-09-29,2025-09-29 14:55:42,600111.SH,B,46.610,100
391,63,2025-09-29,2025-09-29 14:55:42,600111.SH,B,46.610,500
392,63,2025-09-29,2025-09-29 14:55:41,603806.SH,S,15.600,300
393,58,2025-09-29,2025-09-29 14:55:41,301210.SZ,B,51.310,100
394,58,2025-09-29,2025-09-29 14:55:40,301210.SZ,B,51.300,100
395,58,2025-09-29,2025-09-29 14:55:40,601606.SH,B,41.810,100
396,58,2025-09-29,2025-09-29 14:55:40,600857.SH,S,16.900,500
397,58,2025-09-29,2025-09-29 14:55:39,600857.SH,S,16.900,200
398,63,2025-09-29,2025-09-29 14:55:39,601288.SH,B,6.640,424
399,63,2025-09-29,2025-09-29 14:55:39,601288.SH,B,6.640,200
400,58,2025-09-29,2025-09-29 14:55:39,600857.SH,S,16.900,1400
401,63,2025-09-29,2025-09-29 14:55:39,601288.SH,B,6.640,300
402,63,2025-09-29,2025-09-29 14:55:39,601288.SH,B,6.640,500
403,63,2025-09-29,2025-09-29 14:55:38,603809.SH,B,16.760,100
404,63,2025-09-29,2025-09-29 14:55:39,601288.SH,B,6.640,700
405,63,2025-09-29,2025-09-29 14:55:39,601288.SH,B,6.640,1500
406,63,2025-09-29,2025-09-29 14:55:38,603809.SH,B,16.760,300
407,63,2025-09-29,2025-09-29 14:55:39,002624.SZ,S,19.130,100
408,63,2025-09-29,2025-09-29 14:55:38,603809.SH,B,16.760,100
409,63,2025-09-29,2025-09-29 14:55:38,601288.SH,B,6.640,100
410,63,2025-09-29,2025-09-29 14:55:38,000831.SZ,B,49.750,100
411,63,2025-09-29,2025-09-29 14:55:37,603083.SH,B,132.380,75
412,63,2025-09-29,2025-09-29 14:55:38,601288.SH,B,6.640,700
413,63,2025-09-29,2025-09-29 14:55:38,301078.SZ,S,10.700,600
414,63,2025-09-29,2025-09-29 14:55:37,603083.SH,B,132.380,25
415,63,2025-09-29,2025-09-29 14:55:37,002624.SZ,S,19.130,800
416,63,2025-09-29,2025-09-29 14:55:37,600418.SH,B,53.020,200
417,63,2025-09-29,2025-09-29 14:55:36,002624.SZ,S,19.130,100
418,63,2025-09-29,2025-09-29 14:55:36,600418.SH,B,53.020,200
419,63,2025-09-29,2025-09-29 14:55:36,601288.SH,B,6.640,76
420,63,2025-09-29,2025-09-29 14:55:36,600418.SH,B,53.020,400
421,63,2025-09-29,2025-09-29 14:55:36,002624.SZ,S,19.130,300
422,63,2025-09-29,2025-09-29 14:55:35,000661.SZ,B,128.880,100
423,63,2025-09-29,2025-09-29 14:55:35,000661.SZ,B,128.880,100
424,63,2025-09-29,2025-09-29 14:55:35,600096.SH,S,26.170,200
425,63,2025-09-29,2025-09-29 14:55:34,002246.SZ,B,21.370,300
426,63,2025-09-29,2025-09-29 14:55:34,000661.SZ,B,128.880,100
427,63,2025-09-29,2025-09-29 14:55:33,000661.SZ,B,128.880,100
428,63,2025-09-29,2025-09-29 14:55:32,603806.SH,S,15.600,200
429,63,2025-09-29,2025-09-29 14:55:32,603456.SH,S,19.220,200
430,63,2025-09-29,2025-09-29 14:55:31,600113.SH,S,55.800,100
431,63,2025-09-29,2025-09-29 14:55:31,002472.SZ,B,49.950,200
432,63,2025-09-29,2025-09-29 14:55:30,601606.SH,S,41.810,100
433,63,2025-09-29,2025-09-29 14:55:30,603992.SH,S,31.450,200
434,63,2025-09-29,2025-09-29 14:55:30,600919.SH,B,10.170,400
435,61,2025-09-29,2025-09-29 14:55:29,300229.SZ,B,21.200,200
436,63,2025-09-29,2025-09-29 14:55:29,600938.SH,S,26.390,400
437,63,2025-09-29,2025-09-29 14:55:29,600522.SH,S,18.510,800
438,63,2025-09-29,2025-09-29 14:55:28,600113.SH,S,55.800,100
439,63,2025-09-29,2025-09-29 14:55:26,600236.SH,S,6.480,700
440,63,2025-09-29,2025-09-29 14:55:24,600919.SH,B,10.170,700
441,63,2025-09-29,2025-09-29 14:55:22,600919.SH,B,10.170,400
442,63,2025-09-29,2025-09-29 14:55:20,600031.SH,S,22.960,2200
443,61,2025-09-29,2025-09-29 14:55:20,600169.SH,B,2.660,200
444,63,2025-09-29,2025-09-29 14:55:19,000408.SZ,B,55.860,100
445,61,2025-09-29,2025-09-29 14:55:18,002622.SZ,S,3.210,1300
446,63,2025-09-29,2025-09-29 14:55:18,600268.SH,S,10.030,100
447,63,2025-09-29,2025-09-29 14:55:17,600703.SH,B,15.150,600
448,63,2025-09-29,2025-09-29 14:55:15,002345.SZ,S,14.130,200
449,61,2025-09-29,2025-09-29 14:55:15,300581.SZ,B,16.460,200
450,63,2025-09-29,2025-09-29 14:55:14,002345.SZ,S,14.130,300
451,63,2025-09-29,2025-09-29 14:55:13,600036.SH,B,40.870,200
452,61,2025-09-29,2025-09-29 14:55:13,300581.SZ,B,16.460,600
453,63,2025-09-29,2025-09-29 14:55:12,600233.SH,B,18.830,1100
454,59,2025-09-29,2025-09-29 14:55:11,300581.SZ,B,16.460,400
455,63,2025-09-29,2025-09-29 14:55:08,603969.SH,S,10.230,100
456,63,2025-09-29,2025-09-29 14:55:08,603969.SH,S,10.230,200
457,63,2025-09-29,2025-09-29 14:55:07,603969.SH,S,10.230,100
458,63,2025-09-29,2025-09-29 14:55:07,600885.SH,S,26.390,100
459,63,2025-09-29,2025-09-29 14:55:07,600885.SH,S,26.390,100
460,63,2025-09-29,2025-09-29 14:55:07,600885.SH,S,26.390,100
461,63,2025-09-29,2025-09-29 14:55:07,600885.SH,S,26.390,100
462,63,2025-09-29,2025-09-29 14:55:07,600885.SH,S,26.390,100
463,63,2025-09-29,2025-09-29 14:55:04,002859.SZ,S,32.450,100
464,63,2025-09-29,2025-09-29 14:55:03,603969.SH,S,10.230,200
465,63,2025-09-29,2025-09-29 14:55:01,000921.SZ,S,26.570,100
466,63,2025-09-29,2025-09-29 14:55:01,000921.SZ,S,26.570,100
467,63,2025-09-29,2025-09-29 14:55:01,002320.SZ,S,9.430,500
468,63,2025-09-29,2025-09-29 14:55:00,600675.SH,S,2.940,1900
469,61,2025-09-29,2025-09-29 14:54:59,300328.SZ,B,17.010,300
470,59,2025-09-29,2025-09-29 14:54:59,300328.SZ,B,17.010,500
471,63,2025-09-29,2025-09-29 14:54:58,688538.SH,B,2.850,20
472,63,2025-09-29,2025-09-29 14:54:58,688538.SH,B,2.850,22100
473,63,2025-09-29,2025-09-29 14:54:58,688538.SH,B,2.850,3116
474,61,2025-09-29,2025-09-29 14:54:58,000890.SZ,S,4.560,200
475,61,2025-09-29,2025-09-29 14:54:57,300251.SZ,B,19.290,200
476,61,2025-09-29,2025-09-29 14:54:56,000890.SZ,S,4.560,100
477,63,2025-09-29,2025-09-29 14:54:55,002625.SZ,B,49.600,100
478,63,2025-09-29,2025-09-29 14:54:55,002236.SZ,S,20.030,1000
479,63,2025-09-29,2025-09-29 14:54:54,600846.SH,S,13.600,400
480,63,2025-09-29,2025-09-29 14:54:53,601003.SH,S,5.220,1600
481,63,2025-09-29,2025-09-29 14:54:53,601003.SH,S,5.220,200
482,63,2025-09-29,2025-09-29 14:54:53,002345.SZ,S,14.130,100
483,63,2025-09-29,2025-09-29 14:54:53,002345.SZ,S,14.130,200
484,63,2025-09-29,2025-09-29 14:54:53,601003.SH,S,5.220,800
485,59,2025-09-29,2025-09-29 14:54:49,000890.SZ,S,4.560,300
486,63,2025-09-29,2025-09-29 14:54:48,601127.SH,B,159.350,100
487,58,2025-09-29,2025-09-29 14:54:48,300324.SZ,B,6.440,500
488,63,2025-09-29,2025-09-29 14:54:47,301165.SZ,B,89.490,100
489,58,2025-09-29,2025-09-29 14:54:47,300324.SZ,B,6.440,200
490,63,2025-09-29,2025-09-29 14:54:46,603588.SH,S,7.110,4100
491,63,2025-09-29,2025-09-29 14:54:47,000425.SZ,S,10.990,1700
492,63,2025-09-29,2025-09-29 14:54:46,601998.SH,B,7.310,1800
493,63,2025-09-29,2025-09-29 14:54:45,601360.SH,B,11.110,300
494,63,2025-09-29,2025-09-29 14:54:44,300395.SZ,B,75.700,100
495,63,2025-09-29,2025-09-29 14:54:44,601669.SH,S,5.570,1200
496,52,2025-09-29,2025-09-29 14:54:39,600798.SH,S,3.890,200
497,58,2025-09-29,2025-09-29 14:54:44,600798.SH,S,3.890,700
498,63,2025-09-29,2025-09-29 14:54:43,300836.SZ,B,53.110,100
499,63,2025-09-29,2025-09-29 14:54:43,002920.SZ,S,148.830,100
500,63,2025-09-29,2025-09-29 14:54:41,601857.SH,B,8.190,2900
501,63,2025-09-29,2025-09-29 14:54:39,601633.SH,S,24.390,160
502,63,2025-09-29,2025-09-29 14:54:40,600036.SH,B,40.860,400
503,63,2025-09-29,2025-09-29 14:54:39,601633.SH,S,24.390,40
504,63,2025-09-29,2025-09-29 14:54:39,601800.SH,S,8.730,100
505,63,2025-09-29,2025-09-29 14:54:38,002532.SZ,B,11.620,1600
506,63,2025-09-29,2025-09-29 14:54:38,000066.SZ,B,16.960,600
507,63,2025-09-29,2025-09-29 14:54:38,300418.SZ,B,45.190,300
508,63,2025-09-29,2025-09-29 14:54:37,002179.SZ,S,40.800,400
509,63,2025-09-29,2025-09-29 14:54:37,600113.SH,S,55.860,100
510,63,2025-09-29,2025-09-29 14:54:36,688063.SH,S,61.740,200
511,63,2025-09-29,2025-09-29 14:54:35,600866.SH,S,7.450,300
512,63,2025-09-29,2025-09-29 14:54:35,600866.SH,S,7.450,2900
513,63,2025-09-29,2025-09-29 14:54:35,600866.SH,S,7.450,1400
514,63,2025-09-29,2025-09-29 14:54:35,600866.SH,S,7.450,200
515,63,2025-09-29,2025-09-29 14:54:33,300068.SZ,S,20.100,800
516,63,2025-09-29,2025-09-29 14:54:30,002222.SZ,B,48.880,400
517,59,2025-09-29,2025-09-29 14:54:28,002902.SZ,B,23.810,500
518,59,2025-09-29,2025-09-29 14:54:28,002902.SZ,B,23.810,100
519,63,2025-09-29,2025-09-29 14:54:27,601601.SH,B,35.610,300
520,63,2025-09-29,2025-09-29 14:54:25,688223.SH,S,5.420,106
521,63,2025-09-29,2025-09-29 14:54:25,688223.SH,S,5.420,200
522,63,2025-09-29,2025-09-29 14:54:25,688223.SH,S,5.420,200
523,63,2025-09-29,2025-09-29 14:54:25,688223.SH,S,5.420,200
524,63,2025-09-29,2025-09-29 14:54:25,688223.SH,S,5.420,200
525,63,2025-09-29,2025-09-29 14:54:25,688223.SH,S,5.420,200
526,63,2025-09-29,2025-09-29 14:54:25,688223.SH,S,5.420,200
527,63,2025-09-29,2025-09-29 14:54:25,603166.SH,B,20.490,100
528,63,2025-09-29,2025-09-29 14:54:25,688223.SH,S,5.420,200
529,63,2025-09-29,2025-09-29 14:54:25,688223.SH,S,5.420,700
530,63,2025-09-29,2025-09-29 14:54:25,688223.SH,S,5.420,200
531,63,2025-09-29,2025-09-29 14:54:25,688223.SH,S,5.420,200
532,63,2025-09-29,2025-09-29 14:54:25,688223.SH,S,5.420,200
533,63,2025-09-29,2025-09-29 14:54:25,688223.SH,S,5.420,200
534,63,2025-09-29,2025-09-29 14:54:25,688223.SH,S,5.420,200
535,63,2025-09-29,2025-09-29 14:54:25,688223.SH,S,5.420,207
536,63,2025-09-29,2025-09-29 14:54:25,688223.SH,S,5.420,87
537,63,2025-09-29,2025-09-29 14:54:24,600025.SH,B,9.510,1200
538,63,2025-09-29,2025-09-29 14:54:23,603166.SH,B,20.490,100
539,63,2025-09-29,2025-09-29 14:54:23,300767.SZ,B,23.740,300
540,63,2025-09-29,2025-09-29 14:54:21,002416.SZ,S,12.110,200
541,63,2025-09-29,2025-09-29 14:54:21,300421.SZ,B,19.170,200
542,63,2025-09-29,2025-09-29 14:54:21,002416.SZ,S,12.110,400
543,59,2025-09-29,2025-09-29 14:54:21,002622.SZ,S,3.200,1300
544,63,2025-09-29,2025-09-29 14:54:21,603166.SH,B,20.490,100
545,63,2025-09-29,2025-09-29 14:54:21,603166.SH,B,20.490,100
546,63,2025-09-29,2025-09-29 14:54:20,603766.SH,S,12.130,1300
547,63,2025-09-29,2025-09-29 14:54:19,600699.SH,B,35.080,200
548,63,2025-09-29,2025-09-29 14:54:19,600699.SH,B,35.080,100
549,63,2025-09-29,2025-09-29 14:54:19,600699.SH,B,35.080,100
550,63,2025-09-29,2025-09-29 14:54:19,600699.SH,B,35.080,200
551,63,2025-09-29,2025-09-29 14:54:18,600699.SH,B,35.080,100
552,63,2025-09-29,2025-09-29 14:54:18,600699.SH,B,35.080,200
553,63,2025-09-29,2025-09-29 14:54:18,600699.SH,B,35.080,100
554,63,2025-09-29,2025-09-29 14:54:18,603166.SH,B,20.490,100
555,63,2025-09-29,2025-09-29 14:54:17,603166.SH,B,20.490,100
556,63,2025-09-29,2025-09-29 14:54:17,002468.SZ,S,17.880,300
557,63,2025-09-29,2025-09-29 14:54:16,601766.SH,S,7.360,100
558,63,2025-09-29,2025-09-29 14:54:16,601766.SH,S,7.360,400
559,63,2025-09-29,2025-09-29 14:54:16,601766.SH,S,7.360,200
560,63,2025-09-29,2025-09-29 14:54:16,601766.SH,S,7.360,700
561,63,2025-09-29,2025-09-29 14:54:16,601766.SH,S,7.360,1300
562,63,2025-09-29,2025-09-29 14:54:15,600188.SH,S,13.370,200
563,63,2025-09-29,2025-09-29 14:54:15,600188.SH,S,13.370,100
564,63,2025-09-29,2025-09-29 14:54:15,600188.SH,S,13.370,100
565,63,2025-09-29,2025-09-29 14:54:15,600188.SH,S,13.370,100
566,63,2025-09-29,2025-09-29 14:54:15,600188.SH,S,13.370,100
567,63,2025-09-29,2025-09-29 14:54:15,600188.SH,S,13.370,200
568,63,2025-09-29,2025-09-29 14:54:15,300686.SZ,B,15.390,600
569,63,2025-09-29,2025-09-29 14:54:14,600570.SH,B,34.200,40
570,63,2025-09-29,2025-09-29 14:54:14,600570.SH,B,34.200,160
571,63,2025-09-29,2025-09-29 14:54:12,600309.SH,S,66.000,600
572,63,2025-09-29,2025-09-29 14:54:11,600864.SH,S,7.430,1700
573,63,2025-09-29,2025-09-29 14:54:10,001979.SZ,B,9.920,1100
574,63,2025-09-29,2025-09-29 14:54:10,001979.SZ,B,9.920,1000
575,63,2025-09-29,2025-09-29 14:54:09,600000.SH,B,12.120,3000
576,52,2025-09-29,2025-09-29 14:52:16,300149.SZ,B,11.500,100
577,63,2025-09-29,2025-09-29 14:54:08,603236.SH,S,102.180,200
578,63,2025-09-29,2025-09-29 14:54:08,000938.SZ,S,30.110,200
579,63,2025-09-29,2025-09-29 14:54:08,000807.SZ,B,20.170,100
580,63,2025-09-29,2025-09-29 14:54:08,000938.SZ,S,30.110,200
581,63,2025-09-29,2025-09-29 14:54:07,000807.SZ,B,20.170,100
582,63,2025-09-29,2025-09-29 14:54:07,301216.SZ,B,19.950,200
583,63,2025-09-29,2025-09-29 14:54:07,002852.SZ,S,11.170,100
584,63,2025-09-29,2025-09-29 14:54:07,605168.SH,S,30.280,100
585,63,2025-09-29,2025-09-29 14:54:07,000807.SZ,B,20.170,100
586,58,2025-09-29,2025-09-29 14:54:06,002548.SZ,B,4.970,700
587,63,2025-09-29,2025-09-29 14:54:06,603129.SH,S,262.380,100
588,63,2025-09-29,2025-09-29 14:54:05,301216.SZ,B,19.950,1300
589,63,2025-09-29,2025-09-29 14:54:06,002852.SZ,S,11.170,100
590,63,2025-09-29,2025-09-29 14:54:06,688249.SH,B,33.420,75
591,63,2025-09-29,2025-09-29 14:54:05,688249.SH,B,33.420,200
592,63,2025-09-29,2025-09-29 14:54:05,600819.SH,B,7.170,3000
593,63,2025-09-29,2025-09-29 14:54:05,600023.SH,S,4.960,500
594,63,2025-09-29,2025-09-29 14:54:04,600900.SH,B,27.400,400
595,63,2025-09-29,2025-09-29 14:54:04,600900.SH,B,27.400,300
596,59,2025-09-29,2025-09-29 14:54:05,603903.SH,S,12.160,500
597,63,2025-09-29,2025-09-29 14:54:03,002940.SZ,S,37.350,100
598,63,2025-09-29,2025-09-29 14:54:02,601088.SH,B,38.440,100
599,63,2025-09-29,2025-09-29 14:54:02,601088.SH,B,38.440,100
600,63,2025-09-29,2025-09-29 14:54:02,600266.SH,S,5.050,1800
601,63,2025-09-29,2025-09-29 14:54:02,600266.SH,S,5.050,2400
602,63,2025-09-29,2025-09-29 14:54:02,601088.SH,B,38.440,100
603,63,2025-09-29,2025-09-29 14:54:02,600236.SH,S,6.480,200
604,63,2025-09-29,2025-09-29 14:54:02,600236.SH,S,6.480,400
605,63,2025-09-29,2025-09-29 14:54:02,600236.SH,S,6.480,300
606,63,2025-09-29,2025-09-29 14:54:01,002287.SZ,S,25.980,100
607,63,2025-09-29,2025-09-29 14:54:01,002852.SZ,S,11.170,200
608,63,2025-09-29,2025-09-29 14:54:01,600438.SH,S,21.880,115
609,63,2025-09-29,2025-09-29 14:54:01,002292.SZ,S,9.040,300
610,63,2025-09-29,2025-09-29 14:54:01,002287.SZ,S,25.980,200
611,63,2025-09-29,2025-09-29 14:54:01,600438.SH,S,21.880,585
612,63,2025-09-29,2025-09-29 14:54:01,300251.SZ,B,19.290,500
613,63,2025-09-29,2025-09-29 14:54:01,002287.SZ,S,25.980,200
614,63,2025-09-29,2025-09-29 14:53:59,002246.SZ,B,21.430,200
615,52,2025-09-29,2025-09-29 14:51:56,300098.SZ,S,5.730,100
616,63,2025-09-29,2025-09-29 14:53:55,300421.SZ,B,19.140,200
617,63,2025-09-29,2025-09-29 14:53:56,300324.SZ,B,6.440,1800
618,63,2025-09-29,2025-09-29 14:53:55,002506.SZ,S,2.540,200
619,63,2025-09-29,2025-09-29 14:53:54,002989.SZ,S,31.670,200
620,63,2025-09-29,2025-09-29 14:53:54,688249.SH,B,33.420,1098
621,63,2025-09-29,2025-09-29 14:53:52,000063.SZ,B,45.040,400
622,63,2025-09-29,2025-09-29 14:53:51,600584.SH,B,40.790,600
623,63,2025-09-29,2025-09-29 14:53:51,300018.SZ,B,8.950,500
624,58,2025-09-29,2025-09-29 14:53:50,002755.SZ,B,20.240,100
625,63,2025-09-29,2025-09-29 14:53:50,600050.SH,S,5.450,1600
626,58,2025-09-29,2025-09-29 14:53:48,002755.SZ,B,20.240,100
627,58,2025-09-29,2025-09-29 14:53:46,300581.SZ,B,16.470,200
628,63,2025-09-29,2025-09-29 14:53:46,600057.SH,S,7.020,600
629,63,2025-09-29,2025-09-29 14:53:46,601898.SH,B,11.400,100
630,63,2025-09-29,2025-09-29 14:53:45,688373.SH,B,8.420,1817
631,63,2025-09-29,2025-09-29 14:53:45,000600.SZ,S,7.300,2200
632,63,2025-09-29,2025-09-29 14:53:44,601898.SH,B,11.400,200
633,63,2025-09-29,2025-09-29 14:53:44,601898.SH,B,11.400,700
634,63,2025-09-29,2025-09-29 14:53:43,601898.SH,B,11.400,500
635,63,2025-09-29,2025-09-29 14:53:43,601898.SH,B,11.400,200
636,63,2025-09-29,2025-09-29 14:53:43,601898.SH,B,11.400,100
637,63,2025-09-29,2025-09-29 14:53:43,300347.SZ,B,58.650,200
638,63,2025-09-29,2025-09-29 14:53:43,002233.SZ,S,8.960,100
639,63,2025-09-29,2025-09-29 14:53:43,002233.SZ,S,8.960,400
640,63,2025-09-29,2025-09-29 14:53:43,002233.SZ,S,8.960,300
641,63,2025-09-29,2025-09-29 14:53:42,600267.SH,S,10.390,300
642,63,2025-09-29,2025-09-29 14:53:41,601616.SH,B,4.100,4300
643,63,2025-09-29,2025-09-29 14:53:41,601616.SH,B,4.100,700
644,63,2025-09-29,2025-09-29 14:53:41,601616.SH,B,4.100,700
645,63,2025-09-29,2025-09-29 14:53:41,601616.SH,B,4.100,700
646,61,2025-09-29,2025-09-29 14:53:41,002622.SZ,S,3.200,2100
647,63,2025-09-29,2025-09-29 14:53:41,601616.SH,B,4.100,700
648,63,2025-09-29,2025-09-29 14:53:41,601616.SH,B,4.100,200
649,63,2025-09-29,2025-09-29 14:53:41,601616.SH,B,4.100,700
650,63,2025-09-29,2025-09-29 14:53:41,601616.SH,B,4.100,1100
651,63,2025-09-29,2025-09-29 14:53:41,601616.SH,B,4.100,700
652,63,2025-09-29,2025-09-29 14:53:41,601616.SH,B,4.100,700
653,63,2025-09-29,2025-09-29 14:53:41,601616.SH,B,4.100,100
654,63,2025-09-29,2025-09-29 14:53:41,601616.SH,B,4.100,100
655,63,2025-09-29,2025-09-29 14:53:41,601616.SH,B,4.100,100
656,63,2025-09-29,2025-09-29 14:53:41,601616.SH,B,4.100,300
657,63,2025-09-29,2025-09-29 14:53:41,601616.SH,B,4.100,1100
658,63,2025-09-29,2025-09-29 14:53:41,601616.SH,B,4.100,100
659,63,2025-09-29,2025-09-29 14:53:41,601616.SH,B,4.100,100
660,63,2025-09-29,2025-09-29 14:53:41,601616.SH,B,4.100,100
661,63,2025-09-29,2025-09-29 14:53:41,601616.SH,B,4.100,1500
662,63,2025-09-29,2025-09-29 14:53:41,002997.SZ,S,39.400,200
663,63,2025-09-29,2025-09-29 14:53:40,603031.SH,S,43.770,100
664,63,2025-09-29,2025-09-29 14:53:40,601233.SH,B,14.960,300
665,63,2025-09-29,2025-09-29 14:53:40,601233.SH,B,14.960,1300
666,63,2025-09-29,2025-09-29 14:53:39,300747.SZ,S,25.790,600
667,63,2025-09-29,2025-09-29 14:53:39,600050.SH,S,5.450,9100
668,63,2025-09-29,2025-09-29 14:53:39,301526.SZ,S,6.290,800
669,63,2025-09-29,2025-09-29 14:53:37,688373.SH,B,8.420,200
670,63,2025-09-29,2025-09-29 14:53:36,000630.SZ,S,5.160,1600
671,63,2025-09-29,2025-09-29 14:53:36,000630.SZ,S,5.160,2000
672,63,2025-09-29,2025-09-29 14:53:36,300458.SZ,B,49.570,200
673,63,2025-09-29,2025-09-29 14:53:35,601963.SH,S,9.000,600
674,63,2025-09-29,2025-09-29 14:53:35,601963.SH,S,9.000,400
675,63,2025-09-29,2025-09-29 14:53:35,601963.SH,S,9.000,1100
676,63,2025-09-29,2025-09-29 14:53:33,605168.SH,S,30.310,100
677,58,2025-09-29,2025-09-29 14:53:31,002981.SZ,B,30.790,100
678,58,2025-09-29,2025-09-29 14:53:31,688538.SH,B,2.850,152
679,58,2025-09-29,2025-09-29 14:53:31,688538.SH,B,2.850,938
680,63,2025-09-29,2025-09-29 14:53:29,600905.SH,S,4.270,700
681,63,2025-09-29,2025-09-29 14:53:29,300767.SZ,B,23.770,100
682,63,2025-09-29,2025-09-29 14:53:29,603501.SH,B,149.570,200
683,58,2025-09-29,2025-09-29 14:53:28,603773.SH,S,33.720,100
684,58,2025-09-29,2025-09-29 14:53:28,603773.SH,S,33.720,100
685,63,2025-09-29,2025-09-29 14:53:28,603288.SH,S,38.940,300
686,63,2025-09-29,2025-09-29 14:53:28,000776.SZ,S,22.940,400
687,63,2025-09-29,2025-09-29 14:53:26,603288.SH,S,38.940,200
688,63,2025-09-29,2025-09-29 14:53:24,600724.SH,S,4.960,900
689,63,2025-09-29,2025-09-29 14:53:24,300767.SZ,B,23.770,100
690,63,2025-09-29,2025-09-29 14:53:22,601127.SH,B,159.070,100
691,63,2025-09-29,2025-09-29 14:53:20,002027.SZ,S,8.340,400
692,63,2025-09-29,2025-09-29 14:53:20,300750.SZ,B,398.180,100
693,63,2025-09-29,2025-09-29 14:53:20,600267.SH,S,10.390,300
694,52,2025-09-29,2025-09-29 14:53:12,002265.SZ,B,29.400,100
695,63,2025-09-29,2025-09-29 14:53:19,002027.SZ,S,8.340,1300
696,63,2025-09-29,2025-09-29 14:53:18,002027.SZ,S,8.340,300
697,63,2025-09-29,2025-09-29 14:53:18,002027.SZ,S,8.340,4100
698,63,2025-09-29,2025-09-29 14:53:14,001289.SZ,B,17.620,200
699,63,2025-09-29,2025-09-29 14:53:14,001289.SZ,B,17.620,300
700,63,2025-09-29,2025-09-29 14:53:14,001289.SZ,B,17.620,700
701,58,2025-09-29,2025-09-29 14:53:13,300986.SZ,B,11.080,200
702,52,2025-09-29,2025-09-29 14:53:04,300251.SZ,B,19.280,200
703,61,2025-09-29,2025-09-29 14:53:09,300559.SZ,S,16.030,300
704,63,2025-09-29,2025-09-29 14:53:09,000592.SZ,B,3.510,900
705,63,2025-09-29,2025-09-29 14:53:09,000592.SZ,B,3.510,1100
706,52,2025-09-29,2025-09-29 14:53:09,603758.SH,B,15.870,100
707,52,2025-09-29,2025-09-29 14:53:09,002632.SZ,S,10.660,300
708,63,2025-09-29,2025-09-29 14:53:08,603766.SH,S,12.130,400
709,63,2025-09-29,2025-09-29 14:53:08,603766.SH,S,12.130,100
710,63,2025-09-29,2025-09-29 14:53:07,603766.SH,S,12.130,300
711,61,2025-09-29,2025-09-29 14:53:06,002902.SZ,B,23.810,300
712,63,2025-09-29,2025-09-29 14:53:06,601877.SH,S,29.310,200
713,63,2025-09-29,2025-09-29 14:53:05,600246.SH,B,11.640,600
714,52,2025-09-29,2025-09-29 14:53:05,300204.SZ,B,33.460,100
715,61,2025-09-29,2025-09-29 14:53:04,002902.SZ,B,23.810,200
716,63,2025-09-29,2025-09-29 14:53:04,688599.SH,S,17.120,300
717,61,2025-09-29,2025-09-29 14:53:03,002902.SZ,B,23.810,900
718,61,2025-09-29,2025-09-29 14:53:03,002902.SZ,B,23.810,100
719,61,2025-09-29,2025-09-29 14:53:03,002902.SZ,B,23.810,100
720,63,2025-09-29,2025-09-29 14:53:03,002533.SZ,S,11.690,400
721,59,2025-09-29,2025-09-29 14:53:02,002755.SZ,S,20.250,100
722,63,2025-09-29,2025-09-29 14:53:01,600233.SH,B,18.820,500
723,63,2025-09-29,2025-09-29 14:53:01,688428.SH,B,27.710,19
724,63,2025-09-29,2025-09-29 14:53:00,601899.SH,B,28.750,900
725,63,2025-09-29,2025-09-29 14:53:00,688428.SH,B,27.710,200
726,63,2025-09-29,2025-09-29 14:53:00,600011.SH,S,7.110,600
727,63,2025-09-29,2025-09-29 14:52:59,601825.SH,S,8.310,800
728,63,2025-09-29,2025-09-29 14:52:59,600875.SH,S,19.020,300
729,63,2025-09-29,2025-09-29 14:52:59,603456.SH,S,19.210,600
730,63,2025-09-29,2025-09-29 14:52:59,603035.SH,B,18.220,100
731,63,2025-09-29,2025-09-29 14:52:58,600011.SH,S,7.110,400
732,63,2025-09-29,2025-09-29 14:52:57,000831.SZ,B,49.720,200
733,63,2025-09-29,2025-09-29 14:52:57,300408.SZ,B,46.560,100
734,63,2025-09-29,2025-09-29 14:52:56,600011.SH,S,7.110,1300
735,63,2025-09-29,2025-09-29 14:52:56,600011.SH,S,7.110,2200
736,63,2025-09-29,2025-09-29 14:52:56,603811.SH,S,12.870,700
737,63,2025-09-29,2025-09-29 14:52:55,600276.SH,S,69.330,100
738,63,2025-09-29,2025-09-29 14:52:52,002765.SZ,B,14.520,600
739,63,2025-09-29,2025-09-29 14:52:52,002765.SZ,B,14.520,200
740,63,2025-09-29,2025-09-29 14:52:52,002765.SZ,B,14.520,200
741,63,2025-09-29,2025-09-29 14:52:52,603083.SH,B,132.800,100
742,63,2025-09-29,2025-09-29 14:52:52,002765.SZ,B,14.520,200
743,63,2025-09-29,2025-09-29 14:52:52,002765.SZ,B,14.520,400
744,63,2025-09-29,2025-09-29 14:52:51,000566.SZ,S,5.410,400
745,63,2025-09-29,2025-09-29 14:52:51,000566.SZ,S,5.410,500
746,61,2025-09-29,2025-09-29 14:52:51,002632.SZ,S,10.670,400
747,63,2025-09-29,2025-09-29 14:52:51,000566.SZ,S,5.410,200
748,63,2025-09-29,2025-09-29 14:52:51,000566.SZ,S,5.410,300
749,63,2025-09-29,2025-09-29 14:52:51,000566.SZ,S,5.410,300
750,58,2025-09-29,2025-09-29 14:52:50,300251.SZ,B,19.280,500
751,58,2025-09-29,2025-09-29 14:52:51,601975.SH,B,3.040,200
752,61,2025-09-29,2025-09-29 14:52:50,002632.SZ,S,10.670,400
753,63,2025-09-29,2025-09-29 14:52:50,000566.SZ,S,5.410,100
754,63,2025-09-29,2025-09-29 14:52:50,300289.SZ,S,7.490,1300
755,63,2025-09-29,2025-09-29 14:52:50,603806.SH,S,15.600,200
756,59,2025-09-29,2025-09-29 14:52:51,300559.SZ,S,16.030,100
757,63,2025-09-29,2025-09-29 14:52:50,002426.SZ,B,3.630,100
758,63,2025-09-29,2025-09-29 14:52:47,605178.SH,B,32.510,400
759,63,2025-09-29,2025-09-29 14:52:47,600346.SH,B,16.970,500
760,63,2025-09-29,2025-09-29 14:52:47,600507.SH,S,5.390,100
761,61,2025-09-29,2025-09-29 14:52:47,603903.SH,S,12.170,100
762,63,2025-09-29,2025-09-29 14:52:46,600489.SH,S,21.120,200
763,63,2025-09-29,2025-09-29 14:52:45,603288.SH,S,38.940,100
764,63,2025-09-29,2025-09-29 14:52:43,600030.SH,B,30.290,100
765,63,2025-09-29,2025-09-29 14:52:42,300069.SZ,S,19.110,100
766,52,2025-09-29,2025-09-29 14:46:19,601212.SH,B,3.980,100
767,63,2025-09-29,2025-09-29 14:52:35,600233.SH,B,18.830,100
768,63,2025-09-29,2025-09-29 14:52:35,603319.SH,B,44.890,200
769,63,2025-09-29,2025-09-29 14:52:35,600233.SH,B,18.830,300
770,63,2025-09-29,2025-09-29 14:52:35,603181.SH,S,18.120,300
771,63,2025-09-29,2025-09-29 14:52:34,300850.SZ,S,42.320,100
772,58,2025-09-29,2025-09-29 14:52:33,300149.SZ,B,11.510,500
773,63,2025-09-29,2025-09-29 14:52:32,301308.SZ,S,148.180,100
774,58,2025-09-29,2025-09-29 14:52:32,000593.SZ,S,7.390,1700
775,63,2025-09-29,2025-09-29 14:52:31,300308.SZ,B,417.080,100
776,63,2025-09-29,2025-09-29 14:52:30,600846.SH,S,13.600,200
777,58,2025-09-29,2025-09-29 14:52:29,002651.SZ,B,11.080,200
778,63,2025-09-29,2025-09-29 14:52:27,601963.SH,S,9.000,800
779,58,2025-09-29,2025-09-29 14:52:26,002632.SZ,S,10.660,300
780,63,2025-09-29,2025-09-29 14:52:26,603319.SH,B,44.950,100
781,63,2025-09-29,2025-09-29 14:52:23,002603.SZ,S,15.850,100
782,63,2025-09-29,2025-09-29 14:52:23,002603.SZ,S,15.850,100
783,63,2025-09-29,2025-09-29 14:52:23,002603.SZ,S,15.850,100
784,63,2025-09-29,2025-09-29 14:52:23,002603.SZ,S,15.850,100
785,63,2025-09-29,2025-09-29 14:52:22,300418.SZ,B,45.150,200
786,63,2025-09-29,2025-09-29 14:52:22,300418.SZ,B,45.150,400
787,63,2025-09-29,2025-09-29 14:52:22,002206.SZ,S,6.110,1100
788,63,2025-09-29,2025-09-29 14:52:22,002206.SZ,S,6.110,1800
789,63,2025-09-29,2025-09-29 14:52:20,601009.SH,S,11.110,200
790,63,2025-09-29,2025-09-29 14:52:20,600410.SH,B,19.050,400
791,63,2025-09-29,2025-09-29 14:52:20,601009.SH,S,11.110,100
792,63,2025-09-29,2025-09-29 14:52:20,002755.SZ,B,20.260,400
793,63,2025-09-29,2025-09-29 14:52:20,300498.SZ,B,18.750,200
794,63,2025-09-29,2025-09-29 14:52:19,002555.SZ,S,21.690,100
795,63,2025-09-29,2025-09-29 14:52:19,002555.SZ,S,21.690,400
796,63,2025-09-29,2025-09-29 14:52:19,002555.SZ,S,21.690,1000
797,63,2025-09-29,2025-09-29 14:52:19,002555.SZ,S,21.690,400
798,63,2025-09-29,2025-09-29 14:52:19,002317.SZ,B,16.900,700
799,63,2025-09-29,2025-09-29 14:52:19,002555.SZ,S,21.690,500
800,63,2025-09-29,2025-09-29 14:52:17,601156.SH,S,15.810,900
801,63,2025-09-29,2025-09-29 14:52:17,300854.SZ,B,21.590,1100
802,52,2025-09-29,2025-09-29 14:52:17,600967.SH,B,18.350,100
803,52,2025-09-29,2025-09-29 14:49:47,000009.SZ,S,12.010,100
804,63,2025-09-29,2025-09-29 14:52:17,600601.SH,B,10.400,600
805,52,2025-09-29,2025-09-29 14:49:47,000009.SZ,S,12.010,100
806,52,2025-09-29,2025-09-29 14:49:47,000009.SZ,S,12.010,100
807,63,2025-09-29,2025-09-29 14:52:15,000895.SZ,S,24.760,200
808,63,2025-09-29,2025-09-29 14:52:15,000895.SZ,S,24.760,300
809,63,2025-09-29,2025-09-29 14:52:15,000895.SZ,S,24.760,100
810,63,2025-09-29,2025-09-29 14:52:15,000895.SZ,S,24.760,300
811,63,2025-09-29,2025-09-29 14:52:16,000617.SZ,S,10.650,1100
812,63,2025-09-29,2025-09-29 14:52:16,000617.SZ,S,10.650,900
813,63,2025-09-29,2025-09-29 14:52:15,000895.SZ,S,24.760,200
814,63,2025-09-29,2025-09-29 14:52:14,002299.SZ,S,17.710,100
815,63,2025-09-29,2025-09-29 14:52:13,688126.SH,B,25.050,832
816,63,2025-09-29,2025-09-29 14:52:11,002299.SZ,S,17.710,800
817,63,2025-09-29,2025-09-29 14:52:11,601328.SH,B,6.820,400
818,63,2025-09-29,2025-09-29 14:52:11,601328.SH,B,6.820,600
819,63,2025-09-29,2025-09-29 14:52:11,601168.SH,S,21.480,300
820,63,2025-09-29,2025-09-29 14:52:11,601328.SH,B,6.820,100
821,63,2025-09-29,2025-09-29 14:52:11,600276.SH,S,69.320,100
822,63,2025-09-29,2025-09-29 14:52:11,601328.SH,B,6.820,600
823,63,2025-09-29,2025-09-29 14:52:11,601328.SH,B,6.820,600
824,63,2025-09-29,2025-09-29 14:52:10,688009.SH,S,5.330,3300
825,63,2025-09-29,2025-09-29 14:52:09,300059.SZ,S,27.560,800
826,58,2025-09-29,2025-09-29 14:52:09,300790.SZ,B,31.060,100
827,63,2025-09-29,2025-09-29 14:52:08,600663.SH,S,8.650,100
828,63,2025-09-29,2025-09-29 14:52:08,600663.SH,S,8.650,100
829,63,2025-09-29,2025-09-29 14:52:08,600663.SH,S,8.650,100
830,63,2025-09-29,2025-09-29 14:52:08,600663.SH,S,8.650,100
831,63,2025-09-29,2025-09-29 14:52:08,600663.SH,S,8.650,100
832,63,2025-09-29,2025-09-29 14:52:08,605168.SH,S,30.320,100
833,63,2025-09-29,2025-09-29 14:52:08,600663.SH,S,8.650,200
834,63,2025-09-29,2025-09-29 14:52:06,001979.SZ,B,9.910,1899
835,63,2025-09-29,2025-09-29 14:52:05,300680.SZ,B,64.570,100
836,63,2025-09-29,2025-09-29 14:52:05,601225.SH,B,20.090,600
837,63,2025-09-29,2025-09-29 14:52:05,601939.SH,S,8.620,100
838,63,2025-09-29,2025-09-29 14:52:04,600089.SH,S,16.920,300
839,63,2025-09-29,2025-09-29 14:52:04,603626.SH,B,14.220,400
840,63,2025-09-29,2025-09-29 14:52:03,600916.SH,S,8.290,1000
841,63,2025-09-29,2025-09-29 14:52:00,688403.SH,B,18.750,133
842,63,2025-09-29,2025-09-29 14:52:00,688403.SH,B,18.750,67
843,63,2025-09-29,2025-09-29 14:52:00,600251.SH,S,8.160,500
844,52,2025-09-29,2025-09-29 14:50:27,300088.SZ,B,6.620,200
845,63,2025-09-29,2025-09-29 14:51:59,002674.SZ,B,16.380,600
846,63,2025-09-29,2025-09-29 14:51:59,001979.SZ,B,9.910,100
847,63,2025-09-29,2025-09-29 14:51:59,001979.SZ,B,9.910,100
848,63,2025-09-29,2025-09-29 14:51:59,001979.SZ,B,9.910,100
849,63,2025-09-29,2025-09-29 14:51:59,603993.SH,B,14.700,2500
850,63,2025-09-29,2025-09-29 14:51:59,603501.SH,B,149.560,100
851,63,2025-09-29,2025-09-29 14:51:58,600011.SH,S,7.110,500
852,63,2025-09-29,2025-09-29 14:51:58,600011.SH,S,7.110,900
853,63,2025-09-29,2025-09-29 14:51:58,600011.SH,S,7.110,2200
854,63,2025-09-29,2025-09-29 14:51:58,600021.SH,B,19.670,200
855,63,2025-09-29,2025-09-29 14:51:58,000708.SZ,S,13.420,1500
856,63,2025-09-29,2025-09-29 14:51:58,600011.SH,S,7.110,1200
857,63,2025-09-29,2025-09-29 14:51:58,600021.SH,B,19.670,100
858,63,2025-09-29,2025-09-29 14:51:57,600060.SH,S,24.470,100
859,63,2025-09-29,2025-09-29 14:51:57,600060.SH,S,24.470,200
860,63,2025-09-29,2025-09-29 14:51:55,001979.SZ,B,9.910,100
861,63,2025-09-29,2025-09-29 14:51:55,001979.SZ,B,9.910,100
862,63,2025-09-29,2025-09-29 14:51:55,001979.SZ,B,9.910,500
863,63,2025-09-29,2025-09-29 14:51:55,002416.SZ,S,12.110,600
864,63,2025-09-29,2025-09-29 14:51:55,300499.SZ,S,32.230,100
865,63,2025-09-29,2025-09-29 14:51:55,001979.SZ,B,9.910,401
866,63,2025-09-29,2025-09-29 14:51:55,300418.SZ,B,45.150,400
867,63,2025-09-29,2025-09-29 14:51:53,600111.SH,B,46.560,100
868,61,2025-09-29,2025-09-29 14:51:53,300322.SZ,B,23.310,100
869,63,2025-09-29,2025-09-29 14:51:53,600111.SH,B,46.560,100
870,61,2025-09-29,2025-09-29 14:51:53,300322.SZ,B,23.310,100
871,63,2025-09-29,2025-09-29 14:51:53,300492.SZ,S,73.630,200
872,63,2025-09-29,2025-09-29 14:51:52,600958.SH,S,11.460,1700
873,63,2025-09-29,2025-09-29 14:51:52,002558.SZ,B,45.670,100
874,63,2025-09-29,2025-09-29 14:51:50,601083.SH,S,11.520,300
875,63,2025-09-29,2025-09-29 14:51:49,300204.SZ,B,33.470,300
876,63,2025-09-29,2025-09-29 14:51:49,002475.SZ,B,64.580,100
877,63,2025-09-29,2025-09-29 14:51:48,002475.SZ,B,64.580,100
878,63,2025-09-29,2025-09-29 14:51:48,000729.SZ,S,12.150,100
879,63,2025-09-29,2025-09-29 14:51:48,000729.SZ,S,12.150,200
880,63,2025-09-29,2025-09-29 14:51:48,000729.SZ,S,12.150,200
881,63,2025-09-29,2025-09-29 14:51:48,000729.SZ,S,12.150,100
882,63,2025-09-29,2025-09-29 14:51:48,000729.SZ,S,12.150,100
883,63,2025-09-29,2025-09-29 14:51:48,000729.SZ,S,12.150,100
884,63,2025-09-29,2025-09-29 14:51:48,000729.SZ,S,12.150,100
885,63,2025-09-29,2025-09-29 14:51:48,000729.SZ,S,12.150,300
886,63,2025-09-29,2025-09-29 14:51:44,002475.SZ,B,64.580,200
887,58,2025-09-29,2025-09-29 14:51:45,300790.SZ,B,31.080,100
888,61,2025-09-29,2025-09-29 14:51:43,300738.SZ,B,22.240,400
889,59,2025-09-29,2025-09-29 14:51:43,300738.SZ,B,22.240,400
890,61,2025-09-29,2025-09-29 14:51:42,002456.SZ,B,12.950,400
891,63,2025-09-29,2025-09-29 14:51:39,002276.SZ,B,18.010,400
892,63,2025-09-29,2025-09-29 14:51:39,600926.SH,S,15.380,300
893,63,2025-09-29,2025-09-29 14:51:39,002276.SZ,B,18.010,100
894,63,2025-09-29,2025-09-29 14:51:38,600741.SH,S,20.390,200
895,63,2025-09-29,2025-09-29 14:51:38,002373.SZ,S,11.570,100
896,63,2025-09-29,2025-09-29 14:51:38,600741.SH,S,20.390,500
897,63,2025-09-29,2025-09-29 14:51:38,002373.SZ,S,11.570,300
898,63,2025-09-29,2025-09-29 14:51:38,600741.SH,S,20.390,100
899,63,2025-09-29,2025-09-29 14:51:38,002373.SZ,S,11.570,400
900,63,2025-09-29,2025-09-29 14:51:38,601101.SH,S,7.250,500
901,59,2025-09-29,2025-09-29 14:51:38,600857.SH,S,16.870,400
902,59,2025-09-29,2025-09-29 14:51:38,600857.SH,S,16.870,500
903,61,2025-09-29,2025-09-29 14:51:37,600857.SH,S,16.870,1700
904,63,2025-09-29,2025-09-29 14:51:37,002733.SZ,S,21.240,200
905,59,2025-09-29,2025-09-29 14:51:37,603903.SH,S,12.180,500
906,63,2025-09-29,2025-09-29 14:51:36,601107.SH,S,5.620,100
907,63,2025-09-29,2025-09-29 14:51:35,300418.SZ,B,45.160,100
908,63,2025-09-29,2025-09-29 14:51:34,600513.SH,B,18.820,100
909,61,2025-09-29,2025-09-29 14:51:33,300199.SZ,B,20.990,600
910,63,2025-09-29,2025-09-29 14:51:32,600513.SH,B,18.820,100
911,63,2025-09-29,2025-09-29 14:51:32,603809.SH,B,16.770,1600
912,58,2025-09-29,2025-09-29 14:51:31,300559.SZ,S,16.010,200
913,63,2025-09-29,2025-09-29 14:51:31,300009.SZ,S,9.990,600
914,63,2025-09-29,2025-09-29 14:51:31,601319.SH,S,7.850,2500
915,63,2025-09-29,2025-09-29 14:51:29,603185.SH,S,21.230,500
916,63,2025-09-29,2025-09-29 14:51:28,601288.SH,B,6.650,5300
917,63,2025-09-29,2025-09-29 14:51:27,601288.SH,B,6.650,1600
918,63,2025-09-29,2025-09-29 14:51:26,688373.SH,B,8.430,200
919,58,2025-09-29,2025-09-29 14:51:26,002548.SZ,B,4.980,1100
920,63,2025-09-29,2025-09-29 14:51:25,002275.SZ,S,14.550,100
921,63,2025-09-29,2025-09-29 14:51:24,002273.SZ,B,26.180,200
922,63,2025-09-29,2025-09-29 14:51:21,688041.SH,B,254.950,39
923,63,2025-09-29,2025-09-29 14:51:21,688041.SH,B,254.950,257
924,58,2025-09-29,2025-09-29 14:51:20,600967.SH,B,18.350,300
925,63,2025-09-29,2025-09-29 14:51:20,600312.SH,S,16.500,500
926,63,2025-09-29,2025-09-29 14:51:20,002511.SZ,S,8.200,500
927,63,2025-09-29,2025-09-29 14:51:19,688373.SH,B,8.430,200
928,63,2025-09-29,2025-09-29 14:51:19,300492.SZ,S,73.620,100
929,63,2025-09-29,2025-09-29 14:51:17,600983.SH,S,10.310,700
930,63,2025-09-29,2025-09-29 14:51:17,000977.SZ,B,72.440,400
931,63,2025-09-29,2025-09-29 14:51:17,000977.SZ,B,72.440,100
932,63,2025-09-29,2025-09-29 14:51:17,000977.SZ,B,72.440,300
933,63,2025-09-29,2025-09-29 14:51:17,000977.SZ,B,72.440,100
934,63,2025-09-29,2025-09-29 14:51:16,600446.SH,S,18.220,1200
935,61,2025-09-29,2025-09-29 14:51:15,002356.SZ,B,3.520,1700
936,52,2025-09-29,2025-09-29 14:51:15,300322.SZ,B,23.300,100
937,61,2025-09-29,2025-09-29 14:51:14,002356.SZ,B,3.520,2800
938,63,2025-09-29,2025-09-29 14:51:13,603456.SH,S,19.190,100
939,63,2025-09-29,2025-09-29 14:51:13,603456.SH,S,19.190,100
940,63,2025-09-29,2025-09-29 14:51:13,603456.SH,S,19.190,100
941,63,2025-09-29,2025-09-29 14:51:13,603456.SH,S,19.190,100
942,63,2025-09-29,2025-09-29 14:51:13,603456.SH,S,19.190,100
943,63,2025-09-29,2025-09-29 14:51:12,600019.SH,S,6.980,900
944,63,2025-09-29,2025-09-29 14:51:12,600019.SH,S,6.980,2100
945,63,2025-09-29,2025-09-29 14:51:12,600019.SH,S,6.980,100
946,63,2025-09-29,2025-09-29 14:51:12,300389.SZ,S,16.690,300
947,63,2025-09-29,2025-09-29 14:51:10,603456.SH,S,19.190,300
948,63,2025-09-29,2025-09-29 14:51:10,600704.SH,S,5.850,3500
949,52,2025-09-29,2025-09-29 14:51:10,002456.SZ,B,12.950,200
950,63,2025-09-29,2025-09-29 14:51:09,603811.SH,S,12.860,100
951,63,2025-09-29,2025-09-29 14:51:10,300575.SZ,B,6.570,500
952,63,2025-09-29,2025-09-29 14:51:09,603811.SH,S,12.860,200
953,63,2025-09-29,2025-09-29 14:51:09,002475.SZ,B,64.610,100
954,63,2025-09-29,2025-09-29 14:51:09,002475.SZ,B,64.610,100
955,63,2025-09-29,2025-09-29 14:51:09,002475.SZ,B,64.610,500
956,61,2025-09-29,2025-09-29 14:51:08,002356.SZ,B,3.520,1100
957,63,2025-09-29,2025-09-29 14:51:07,002583.SZ,S,11.400,600
958,63,2025-09-29,2025-09-29 14:51:07,002180.SZ,S,23.830,100
959,63,2025-09-29,2025-09-29 14:51:07,002180.SZ,S,23.830,100
960,58,2025-09-29,2025-09-29 14:51:06,600330.SH,B,11.070,200
961,63,2025-09-29,2025-09-29 14:51:06,000932.SZ,S,6.480,151
962,63,2025-09-29,2025-09-29 14:51:06,000932.SZ,S,6.480,100
963,63,2025-09-29,2025-09-29 14:51:06,000932.SZ,S,6.480,100
964,63,2025-09-29,2025-09-29 14:51:06,603228.SH,B,63.620,200
965,63,2025-09-29,2025-09-29 14:51:06,000932.SZ,S,6.480,100
966,63,2025-09-29,2025-09-29 14:51:06,300308.SZ,B,417.010,100
967,63,2025-09-29,2025-09-29 14:51:06,000932.SZ,S,6.480,100
968,63,2025-09-29,2025-09-29 14:51:06,000932.SZ,S,6.480,100
969,63,2025-09-29,2025-09-29 14:51:06,000932.SZ,S,6.480,100
970,63,2025-09-29,2025-09-29 14:51:06,000932.SZ,S,6.480,1600
971,63,2025-09-29,2025-09-29 14:51:06,000932.SZ,S,6.480,200
972,63,2025-09-29,2025-09-29 14:51:06,000932.SZ,S,6.480,100
973,63,2025-09-29,2025-09-29 14:51:06,000932.SZ,S,6.480,200
974,63,2025-09-29,2025-09-29 14:51:06,000932.SZ,S,6.480,100
975,63,2025-09-29,2025-09-29 14:51:06,000932.SZ,S,6.480,349
976,61,2025-09-29,2025-09-29 14:51:05,300204.SZ,B,33.460,300
977,63,2025-09-29,2025-09-29 14:51:04,603799.SH,S,60.260,300
978,63,2025-09-29,2025-09-29 14:51:04,603799.SH,S,60.260,100
979,63,2025-09-29,2025-09-29 14:51:04,600528.SH,S,8.270,200
980,52,2025-09-29,2025-09-29 14:51:02,300755.SZ,B,20.490,100
981,63,2025-09-29,2025-09-29 14:51:04,000166.SZ,S,5.340,1070
982,63,2025-09-29,2025-09-29 14:51:04,000166.SZ,S,5.340,800
983,63,2025-09-29,2025-09-29 14:51:04,000166.SZ,S,5.340,30
984,52,2025-09-29,2025-09-29 14:50:41,300324.SZ,B,6.440,300
985,61,2025-09-29,2025-09-29 14:51:03,002356.SZ,B,3.520,500
986,63,2025-09-29,2025-09-29 14:51:02,300442.SZ,B,53.040,400
987,63,2025-09-29,2025-09-29 14:51:01,600337.SH,B,2.240,1500
988,52,2025-09-29,2025-09-29 14:50:58,603903.SH,S,12.190,500
989,52,2025-09-29,2025-09-29 14:49:21,000877.SZ,B,5.980,100
990,63,2025-09-29,2025-09-29 14:51:01,600337.SH,B,2.240,9400
991,63,2025-09-29,2025-09-29 14:51:00,300180.SZ,S,7.320,3600
992,63,2025-09-29,2025-09-29 14:51:00,601595.SH,S,29.430,200
993,63,2025-09-29,2025-09-29 14:51:00,601179.SH,S,6.630,600
994,63,2025-09-29,2025-09-29 14:50:59,603132.SH,S,14.120,100
995,63,2025-09-29,2025-09-29 14:50:59,605178.SH,B,32.510,100
996,63,2025-09-29,2025-09-29 14:50:59,300732.SZ,S,8.390,500
997,58,2025-09-29,2025-09-29 14:50:59,603903.SH,S,12.190,1000
998,52,2025-09-29,2025-09-29 14:49:34,002027.SZ,S,8.340,100
999,61,2025-09-29,2025-09-29 14:50:58,002354.SZ,B,6.910,2100
1000,59,2025-09-29,2025-09-29 14:50:58,002354.SZ,B,6.910,1100
1001,58,2025-09-29,2025-09-29 14:50:58,603903.SH,S,12.190,100
1002,63,2025-09-29,2025-09-29 14:50:57,601111.SH,S,7.750,1200
1003,58,2025-09-29,2025-09-29 14:50:57,603903.SH,S,12.190,100
1004,63,2025-09-29,2025-09-29 14:50:56,601111.SH,S,7.750,600
1005,63,2025-09-29,2025-09-29 14:50:56,300421.SZ,B,19.040,200
1006,63,2025-09-29,2025-09-29 14:50:56,002258.SZ,B,12.730,500
1007,63,2025-09-29,2025-09-29 14:50:54,601339.SH,S,5.380,100
1008,63,2025-09-29,2025-09-29 14:50:54,601111.SH,S,7.750,1900
1009,63,2025-09-29,2025-09-29 14:50:54,605168.SH,S,30.320,100
1010,63,2025-09-29,2025-09-29 14:50:53,300288.SZ,S,14.210,100
1011,58,2025-09-29,2025-09-29 14:50:53,600793.SH,B,22.380,200
1012,63,2025-09-29,2025-09-29 14:50:50,603809.SH,B,16.770,400
1013,63,2025-09-29,2025-09-29 14:50:49,601339.SH,S,5.380,900
1014,63,2025-09-29,2025-09-29 14:50:49,601339.SH,S,5.380,900
1015,63,2025-09-29,2025-09-29 14:50:49,601339.SH,S,5.380,1300
1016,63,2025-09-29,2025-09-29 14:50:49,601339.SH,S,5.380,800
1017,63,2025-09-29,2025-09-29 14:50:49,601339.SH,S,5.380,200
1018,63,2025-09-29,2025-09-29 14:50:49,300224.SZ,S,16.170,200
1019,63,2025-09-29,2025-09-29 14:50:49,601339.SH,S,5.380,100
1020,63,2025-09-29,2025-09-29 14:50:48,601665.SH,S,5.780,100
1021,58,2025-09-29,2025-09-29 14:50:47,300170.SZ,B,18.050,200
1022,63,2025-09-29,2025-09-29 14:50:47,000523.SZ,S,3.170,100
1023,63,2025-09-29,2025-09-29 14:50:47,600513.SH,B,18.830,200
1024,63,2025-09-29,2025-09-29 14:50:47,000523.SZ,S,3.170,100
1025,63,2025-09-29,2025-09-29 14:50:47,600513.SH,B,18.830,100
1026,52,2025-09-29,2025-09-29 14:50:47,300170.SZ,B,18.050,100
1027,58,2025-09-29,2025-09-29 14:50:45,000009.SZ,B,12.000,500
1028,58,2025-09-29,2025-09-29 14:50:44,600233.SH,B,18.830,200
1029,63,2025-09-29,2025-09-29 14:50:44,300421.SZ,B,19.030,100
1030,63,2025-09-29,2025-09-29 14:50:44,300421.SZ,B,19.030,200
1031,63,2025-09-29,2025-09-29 14:50:44,603811.SH,S,12.860,100
1032,63,2025-09-29,2025-09-29 14:50:44,600497.SH,S,6.190,500
1033,63,2025-09-29,2025-09-29 14:50:44,603811.SH,S,12.860,100
1034,63,2025-09-29,2025-09-29 14:50:44,300421.SZ,B,19.030,100
1035,63,2025-09-29,2025-09-29 14:50:44,603811.SH,S,12.860,100
1036,63,2025-09-29,2025-09-29 14:50:44,300421.SZ,B,19.030,100
1037,58,2025-09-29,2025-09-29 14:50:43,601606.SH,B,41.830,100
1038,63,2025-09-29,2025-09-29 14:50:43,002773.SZ,S,36.480,100
1039,58,2025-09-29,2025-09-29 14:50:41,600239.SH,S,2.700,10400
1040,63,2025-09-29,2025-09-29 14:50:41,002520.SZ,S,6.130,100
1041,63,2025-09-29,2025-09-29 14:50:40,300231.SZ,S,11.580,300
1042,63,2025-09-29,2025-09-29 14:50:40,300136.SZ,S,25.730,100
1043,58,2025-09-29,2025-09-29 14:50:36,600651.SH,S,8.580,200
1044,63,2025-09-29,2025-09-29 14:50:36,002558.SZ,B,45.690,100
1045,63,2025-09-29,2025-09-29 14:50:35,002558.SZ,B,45.690,200
1046,63,2025-09-29,2025-09-29 14:50:34,301160.SZ,S,62.390,100
1047,63,2025-09-29,2025-09-29 14:50:34,601328.SH,B,6.820,3600
1048,63,2025-09-29,2025-09-29 14:50:33,688428.SH,B,27.700,200
1049,63,2025-09-29,2025-09-29 14:50:31,002472.SZ,B,49.960,300
1050,52,2025-09-29,2025-09-29 14:50:29,600698.SH,B,9.620,100
1051,63,2025-09-29,2025-09-29 14:50:27,601233.SH,B,14.950,2600
1052,63,2025-09-29,2025-09-29 14:50:27,300204.SZ,B,33.480,100
1053,63,2025-09-29,2025-09-29 14:50:27,300204.SZ,B,33.480,100
1054,61,2025-09-29,2025-09-29 14:50:27,300204.SZ,B,33.480,100
1055,63,2025-09-29,2025-09-29 14:50:26,002046.SZ,B,26.710,200
1056,63,2025-09-29,2025-09-29 14:50:26,601969.SH,S,8.420,100
1057,63,2025-09-29,2025-09-29 14:50:26,600521.SH,B,21.140,100
1058,63,2025-09-29,2025-09-29 14:50:26,600521.SH,B,21.140,100
1059,63,2025-09-29,2025-09-29 14:50:26,002008.SZ,B,41.150,100
1060,63,2025-09-29,2025-09-29 14:50:26,301325.SZ,S,64.120,100
1061,63,2025-09-29,2025-09-29 14:50:24,300595.SZ,S,16.650,300
1062,63,2025-09-29,2025-09-29 14:50:22,600295.SH,S,10.210,600
1063,63,2025-09-29,2025-09-29 14:50:22,002484.SZ,B,30.770,100
1064,63,2025-09-29,2025-09-29 14:50:21,002792.SZ,S,16.260,100
1065,63,2025-09-29,2025-09-29 14:50:20,600026.SH,B,12.050,1700
1066,63,2025-09-29,2025-09-29 14:50:20,300547.SZ,S,41.680,100
1067,63,2025-09-29,2025-09-29 14:50:19,000768.SZ,S,25.600,300
1068,52,2025-09-29,2025-09-29 14:50:18,600601.SH,B,10.400,100
1069,63,2025-09-29,2025-09-29 14:50:18,600988.SH,S,29.000,100
1070,63,2025-09-29,2025-09-29 14:50:17,601166.SH,B,20.080,1100
1071,63,2025-09-29,2025-09-29 14:50:17,601166.SH,B,20.080,900
1072,63,2025-09-29,2025-09-29 14:50:17,601166.SH,B,20.080,1500
1073,63,2025-09-29,2025-09-29 14:50:17,601166.SH,B,20.080,200
1074,63,2025-09-29,2025-09-29 14:50:17,300811.SZ,S,74.950,100
1075,63,2025-09-29,2025-09-29 14:50:17,601166.SH,B,20.080,100
1076,63,2025-09-29,2025-09-29 14:50:17,601166.SH,B,20.080,200
1077,63,2025-09-29,2025-09-29 14:50:16,603373.SH,S,47.280,200
1078,63,2025-09-29,2025-09-29 14:50:16,002294.SZ,B,59.130,500
1079,63,2025-09-29,2025-09-29 14:50:16,002997.SZ,S,39.340,200
1080,52,2025-09-29,2025-09-29 14:46:35,600684.SH,B,6.090,100
1081,63,2025-09-29,2025-09-29 14:50:16,301297.SZ,S,42.180,100
1082,63,2025-09-29,2025-09-29 14:50:15,002155.SZ,S,21.850,300
1083,63,2025-09-29,2025-09-29 14:50:15,603893.SH,S,214.560,100
1084,63,2025-09-29,2025-09-29 14:50:14,002294.SZ,B,59.130,100
1085,63,2025-09-29,2025-09-29 14:50:14,600188.SH,S,13.360,900
1086,63,2025-09-29,2025-09-29 14:50:14,301000.SZ,S,48.600,100
1087,63,2025-09-29,2025-09-29 14:50:14,002294.SZ,B,59.130,200
1088,63,2025-09-29,2025-09-29 14:50:13,600438.SH,S,21.840,800
1089,63,2025-09-29,2025-09-29 14:50:12,300790.SZ,S,31.040,100
1090,63,2025-09-29,2025-09-29 14:50:12,300790.SZ,S,31.040,100
1091,52,2025-09-29,2025-09-29 14:50:12,600031.SH,S,22.950,100
1092,63,2025-09-29,2025-09-29 14:50:12,600699.SH,B,35.050,200
1093,63,2025-09-29,2025-09-29 14:50:12,600699.SH,B,35.050,100
1094,63,2025-09-29,2025-09-29 14:50:12,600699.SH,B,35.050,200
1095,63,2025-09-29,2025-09-29 14:50:12,600699.SH,B,35.050,200
1096,63,2025-09-29,2025-09-29 14:50:12,600699.SH,B,35.050,100
1097,63,2025-09-29,2025-09-29 14:50:11,600699.SH,B,35.050,200
1098,63,2025-09-29,2025-09-29 14:50:11,002261.SZ,S,35.600,200
1099,63,2025-09-29,2025-09-29 14:50:11,601066.SH,S,26.670,1100
1100,63,2025-09-29,2025-09-29 14:50:11,001337.SZ,S,27.750,200
1101,63,2025-09-29,2025-09-29 14:50:11,600760.SH,S,65.330,200
1102,63,2025-09-29,2025-09-29 14:50:11,300705.SZ,S,16.480,100
1103,58,2025-09-29,2025-09-29 14:50:10,300276.SZ,B,9.940,200
1104,63,2025-09-29,2025-09-29 14:50:10,600577.SH,S,10.480,100
1105,63,2025-09-29,2025-09-29 14:50:10,600845.SH,S,23.010,600
1106,63,2025-09-29,2025-09-29 14:50:10,300500.SZ,S,13.610,300
1107,58,2025-09-29,2025-09-29 14:50:10,000561.SZ,B,10.960,105
1108,58,2025-09-29,2025-09-29 14:50:10,000561.SZ,B,10.960,95
1109,63,2025-09-29,2025-09-29 14:50:09,300709.SZ,S,51.550,100
1110,63,2025-09-29,2025-09-29 14:50:09,600737.SH,S,16.240,400
1111,63,2025-09-29,2025-09-29 14:50:08,300476.SZ,S,290.910,100
1112,63,2025-09-29,2025-09-29 14:50:08,300098.SZ,S,5.720,248
1113,63,2025-09-29,2025-09-29 14:50:08,300098.SZ,S,5.720,400
1114,63,2025-09-29,2025-09-29 14:50:08,600875.SH,S,19.020,200
1115,63,2025-09-29,2025-09-29 14:50:08,300098.SZ,S,5.720,1000
1116,63,2025-09-29,2025-09-29 14:50:08,300098.SZ,S,5.720,4600
1117,63,2025-09-29,2025-09-29 14:50:08,300098.SZ,S,5.720,100
1118,63,2025-09-29,2025-09-29 14:50:08,300098.SZ,S,5.720,300
1119,63,2025-09-29,2025-09-29 14:50:08,601606.SH,S,41.830,100
1120,63,2025-09-29,2025-09-29 14:50:08,601555.SH,S,9.860,211
1121,63,2025-09-29,2025-09-29 14:50:08,300098.SZ,S,5.720,100
1122,63,2025-09-29,2025-09-29 14:50:08,601555.SH,S,9.860,200
1123,63,2025-09-29,2025-09-29 14:50:08,300098.SZ,S,5.720,1200
1124,63,2025-09-29,2025-09-29 14:50:08,601555.SH,S,9.860,589
1125,63,2025-09-29,2025-09-29 14:50:08,603258.SH,S,21.140,200
1126,63,2025-09-29,2025-09-29 14:50:08,300098.SZ,S,5.720,52
1127,63,2025-09-29,2025-09-29 14:50:08,600745.SH,S,48.030,100
1128,63,2025-09-29,2025-09-29 14:50:08,300613.SZ,S,51.170,100
1129,63,2025-09-29,2025-09-29 14:50:08,601872.SH,B,8.710,100
1130,63,2025-09-29,2025-09-29 14:50:08,601872.SH,B,8.710,100
1131,63,2025-09-29,2025-09-29 14:50:08,601872.SH,B,8.710,200
1132,63,2025-09-29,2025-09-29 14:50:08,601872.SH,B,8.710,100
1133,63,2025-09-29,2025-09-29 14:50:08,601872.SH,B,8.710,100
1134,63,2025-09-29,2025-09-29 14:50:08,601872.SH,B,8.710,200
1135,63,2025-09-29,2025-09-29 14:50:08,601872.SH,B,8.710,200
1136,63,2025-09-29,2025-09-29 14:50:08,601872.SH,B,8.710,100
1137,63,2025-09-29,2025-09-29 14:50:08,601872.SH,B,8.710,100
1138,63,2025-09-29,2025-09-29 14:50:08,601872.SH,B,8.710,200
1139,63,2025-09-29,2025-09-29 14:50:08,601872.SH,B,8.710,100
1140,63,2025-09-29,2025-09-29 14:50:08,601872.SH,B,8.710,700
1141,59,2025-09-29,2025-09-29 14:50:07,002222.SZ,S,48.840,100
1142,63,2025-09-29,2025-09-29 14:50:07,000063.SZ,B,45.030,600
1143,63,2025-09-29,2025-09-29 14:50:08,601872.SH,B,8.710,1100
1144,63,2025-09-29,2025-09-29 14:50:07,301193.SZ,S,19.210,200
1145,63,2025-09-29,2025-09-29 14:50:08,601872.SH,B,8.710,300
1146,63,2025-09-29,2025-09-29 14:50:07,002371.SZ,B,455.020,100
1147,61,2025-09-29,2025-09-29 14:50:07,002222.SZ,S,48.840,100
1148,63,2025-09-29,2025-09-29 14:50:07,300683.SZ,S,33.990,200
1149,63,2025-09-29,2025-09-29 14:50:07,002371.SZ,B,455.020,100
1150,63,2025-09-29,2025-09-29 14:50:06,600989.SH,B,17.230,300
1151,63,2025-09-29,2025-09-29 14:50:07,603508.SH,S,32.990,400
1152,63,2025-09-29,2025-09-29 14:50:06,600380.SH,S,12.330,100
1153,63,2025-09-29,2025-09-29 14:50:05,301235.SZ,S,33.720,100
1154,63,2025-09-29,2025-09-29 14:50:05,601633.SH,S,24.390,200
1155,63,2025-09-29,2025-09-29 14:50:05,300748.SZ,S,34.520,200
1156,63,2025-09-29,2025-09-29 14:50:05,688063.SH,S,61.730,200
1157,63,2025-09-29,2025-09-29 14:50:04,603508.SH,S,32.990,700
1158,63,2025-09-29,2025-09-29 14:50:04,600482.SH,S,22.050,600
1159,63,2025-09-29,2025-09-29 14:50:04,600732.SH,S,16.400,2000
1160,63,2025-09-29,2025-09-29 14:50:04,300113.SZ,S,25.130,400
1161,63,2025-09-29,2025-09-29 14:50:04,002238.SZ,S,8.310,200
1162,63,2025-09-29,2025-09-29 14:50:04,603508.SH,S,32.990,400
1163,58,2025-09-29,2025-09-29 14:50:04,002222.SZ,S,48.840,100
1164,52,2025-09-29,2025-09-29 14:50:03,002222.SZ,S,48.840,100
1165,59,2025-09-29,2025-09-29 14:50:03,002632.SZ,S,10.660,800
1166,63,2025-09-29,2025-09-29 14:50:03,600331.SH,S,10.470,100
1167,63,2025-09-29,2025-09-29 14:50:04,000338.SZ,S,13.920,300
1168,63,2025-09-29,2025-09-29 14:50:03,600745.SH,S,48.040,100
1169,63,2025-09-29,2025-09-29 14:50:02,300073.SZ,S,63.270,100
1170,63,2025-09-29,2025-09-29 14:50:02,601696.SH,S,14.580,500
1171,63,2025-09-29,2025-09-29 14:50:02,688221.SH,B,14.380,498
1172,63,2025-09-29,2025-09-29 14:50:02,300142.SZ,S,11.490,400
1173,63,2025-09-29,2025-09-29 14:50:02,600113.SH,S,55.880,100
1174,63,2025-09-29,2025-09-29 14:50:02,300142.SZ,S,11.490,100
1175,63,2025-09-29,2025-09-29 14:50:01,601298.SH,S,8.450,600
1176,63,2025-09-29,2025-09-29 14:50:01,000157.SZ,S,7.940,1000
1177,63,2025-09-29,2025-09-29 14:50:01,002230.SZ,B,53.810,1100
1178,63,2025-09-29,2025-09-29 14:50:00,605183.SH,S,20.180,100
1179,63,2025-09-29,2025-09-29 14:50:00,600208.SH,B,4.410,500
1180,63,2025-09-29,2025-09-29 14:49:59,301090.SZ,S,7.580,800
1181,63,2025-09-29,2025-09-29 14:49:59,002487.SZ,S,47.260,200
1182,63,2025-09-29,2025-09-29 14:49:58,300408.SZ,B,46.560,100
1183,63,2025-09-29,2025-09-29 14:49:58,002311.SZ,S,63.350,100
1184,63,2025-09-29,2025-09-29 14:49:58,002311.SZ,S,63.350,100
1185,59,2025-09-29,2025-09-29 14:49:57,300088.SZ,B,6.620,1000
1186,63,2025-09-29,2025-09-29 14:49:57,000938.SZ,S,30.070,600
1187,63,2025-09-29,2025-09-29 14:49:56,600601.SH,B,10.400,200
1188,63,2025-09-29,2025-09-29 14:49:56,600601.SH,B,10.400,100
1189,63,2025-09-29,2025-09-29 14:49:56,000960.SZ,S,21.030,100
1190,63,2025-09-29,2025-09-29 14:49:56,000002.SZ,B,6.790,200
1191,63,2025-09-29,2025-09-29 14:49:55,605178.SH,B,32.400,100
1192,63,2025-09-29,2025-09-29 14:49:55,600987.SH,S,7.130,100
1193,59,2025-09-29,2025-09-29 14:49:53,300149.SZ,B,11.510,400
1194,61,2025-09-29,2025-09-29 14:49:54,603903.SH,S,12.200,144
1195,61,2025-09-29,2025-09-29 14:49:54,603903.SH,S,12.200,300
1196,63,2025-09-29,2025-09-29 14:49:55,601899.SH,B,28.690,300
1197,61,2025-09-29,2025-09-29 14:49:54,603903.SH,S,12.200,600
1198,63,2025-09-29,2025-09-29 14:49:54,601138.SH,S,66.570,300
1199,61,2025-09-29,2025-09-29 14:49:54,603903.SH,S,12.200,556
1200,61,2025-09-29,2025-09-29 14:49:53,300149.SZ,B,11.510,222
1201,61,2025-09-29,2025-09-29 14:49:53,300149.SZ,B,11.510,378
1202,63,2025-09-29,2025-09-29 14:49:52,600395.SH,S,5.240,400
1203,63,2025-09-29,2025-09-29 14:49:52,600395.SH,S,5.240,100
1204,63,2025-09-29,2025-09-29 14:49:52,600395.SH,S,5.240,300
1205,63,2025-09-29,2025-09-29 14:49:52,300138.SZ,S,12.950,900
1206,63,2025-09-29,2025-09-29 14:49:51,000600.SZ,S,7.300,600
1207,63,2025-09-29,2025-09-29 14:49:50,002138.SZ,S,35.700,600
1208,63,2025-09-29,2025-09-29 14:49:49,600104.SH,B,16.890,1200
1209,63,2025-09-29,2025-09-29 14:49:47,601168.SH,S,21.460,400
1210,63,2025-09-29,2025-09-29 14:49:47,002852.SZ,S,11.190,100
1211,63,2025-09-29,2025-09-29 14:49:46,002852.SZ,S,11.190,400
1212,63,2025-09-29,2025-09-29 14:49:46,000600.SZ,S,7.300,1000
1213,63,2025-09-29,2025-09-29 14:49:46,000725.SZ,S,4.120,4600
1214,63,2025-09-29,2025-09-29 14:49:45,600760.SH,S,65.340,100
1215,61,2025-09-29,2025-09-29 14:49:42,603903.SH,S,12.220,400
1216,63,2025-09-29,2025-09-29 14:49:42,603083.SH,B,132.710,100
1217,63,2025-09-29,2025-09-29 14:49:41,002222.SZ,B,48.850,200
1218,63,2025-09-29,2025-09-29 14:49:41,002222.SZ,B,48.850,300
1219,63,2025-09-29,2025-09-29 14:49:41,603160.SH,S,81.130,100
1220,63,2025-09-29,2025-09-29 14:49:41,002222.SZ,B,48.840,100
1221,63,2025-09-29,2025-09-29 14:49:41,002852.SZ,S,11.190,200
1222,63,2025-09-29,2025-09-29 14:49:40,300682.SZ,S,19.320,300
1223,63,2025-09-29,2025-09-29 14:49:40,600276.SH,S,69.270,100
1224,63,2025-09-29,2025-09-29 14:49:39,300724.SZ,S,95.820,100
1225,63,2025-09-29,2025-09-29 14:49:39,600846.SH,S,13.590,300
1226,63,2025-09-29,2025-09-29 14:49:39,603986.SH,B,196.070,400
1227,63,2025-09-29,2025-09-29 14:49:38,300642.SZ,S,22.100,100
1228,63,2025-09-29,2025-09-29 14:49:38,300499.SZ,S,32.210,200
1229,63,2025-09-29,2025-09-29 14:49:38,000600.SZ,S,7.300,2900
1230,61,2025-09-29,2025-09-29 14:49:38,688233.SH,S,44.970,307
1231,63,2025-09-29,2025-09-29 14:49:37,600961.SH,S,15.540,100
1232,63,2025-09-29,2025-09-29 14:49:37,603259.SH,S,105.330,300
1233,61,2025-09-29,2025-09-29 14:49:36,603773.SH,S,33.790,200
1234,63,2025-09-29,2025-09-29 14:49:35,300850.SZ,S,42.280,100
1235,63,2025-09-29,2025-09-29 14:49:35,603699.SH,S,44.080,100
1236,63,2025-09-29,2025-09-29 14:49:35,601298.SH,S,8.450,700
1237,63,2025-09-29,2025-09-29 14:49:34,000651.SZ,S,39.920,100
1238,63,2025-09-29,2025-09-29 14:49:34,002648.SZ,S,19.310,200
1239,59,2025-09-29,2025-09-29 14:49:33,002456.SZ,B,12.950,100
1240,59,2025-09-29,2025-09-29 14:49:33,002456.SZ,B,12.950,500
1241,63,2025-09-29,2025-09-29 14:49:33,600096.SH,S,26.140,200
1242,63,2025-09-29,2025-09-29 14:49:33,603236.SH,S,102.110,100
1243,63,2025-09-29,2025-09-29 14:49:33,600096.SH,S,26.140,100
1244,61,2025-09-29,2025-09-29 14:49:33,002456.SZ,B,12.950,600
1245,63,2025-09-29,2025-09-29 14:49:33,603236.SH,S,102.110,100
1246,63,2025-09-29,2025-09-29 14:49:33,605507.SH,S,22.230,100
1247,63,2025-09-29,2025-09-29 14:49:33,600584.SH,B,40.780,900
1248,63,2025-09-29,2025-09-29 14:49:32,603087.SH,S,76.420,100
1249,63,2025-09-29,2025-09-29 14:49:30,603288.SH,S,38.940,100
1250,63,2025-09-29,2025-09-29 14:49:30,603288.SH,S,38.940,100
1251,63,2025-09-29,2025-09-29 14:49:27,300001.SZ,S,26.980,500
1252,63,2025-09-29,2025-09-29 14:49:27,301526.SZ,S,6.300,2400
1253,63,2025-09-29,2025-09-29 14:49:25,300421.SZ,B,19.110,500
1254,63,2025-09-29,2025-09-29 14:49:25,603019.SH,B,120.230,500
1255,63,2025-09-29,2025-09-29 14:49:23,601886.SH,S,7.320,600
1256,63,2025-09-29,2025-09-29 14:49:23,002145.SZ,S,5.530,800
1257,61,2025-09-29,2025-09-29 14:49:23,002548.SZ,B,5.000,1000
1258,63,2025-09-29,2025-09-29 14:49:23,002145.SZ,S,5.530,800
1259,63,2025-09-29,2025-09-29 14:49:23,688169.SH,S,208.980,200
1260,63,2025-09-29,2025-09-29 14:49:22,600938.SH,S,26.380,600
1261,63,2025-09-29,2025-09-29 14:49:22,603100.SH,S,24.050,100
1262,63,2025-09-29,2025-09-29 14:49:22,002645.SZ,B,14.580,400
1263,63,2025-09-29,2025-09-29 14:49:22,603100.SH,S,24.050,100
1264,63,2025-09-29,2025-09-29 14:49:21,300767.SZ,B,23.880,200
1265,63,2025-09-29,2025-09-29 14:49:20,600000.SH,B,12.110,400
1266,63,2025-09-29,2025-09-29 14:49:21,000571.SZ,B,5.100,100
1267,63,2025-09-29,2025-09-29 14:49:20,601229.SH,B,9.030,400
1268,63,2025-09-29,2025-09-29 14:49:20,601958.SH,B,14.960,100
1269,63,2025-09-29,2025-09-29 14:49:20,601229.SH,B,9.030,200
1270,63,2025-09-29,2025-09-29 14:49:20,601958.SH,B,14.960,400
1271,63,2025-09-29,2025-09-29 14:49:20,601229.SH,B,9.030,600
1272,63,2025-09-29,2025-09-29 14:49:20,600585.SH,B,23.350,500
1273,63,2025-09-29,2025-09-29 14:49:19,301511.SZ,S,36.290,200
1274,63,2025-09-29,2025-09-29 14:49:19,301511.SZ,S,36.290,100
1275,63,2025-09-29,2025-09-29 14:49:19,600000.SH,B,12.110,100
1276,63,2025-09-29,2025-09-29 14:49:19,000700.SZ,B,11.070,300
1277,63,2025-09-29,2025-09-29 14:49:19,002153.SZ,B,10.770,500
1278,63,2025-09-29,2025-09-29 14:49:19,002625.SZ,B,49.520,300
1279,63,2025-09-29,2025-09-29 14:49:19,002396.SZ,S,30.490,100
1280,63,2025-09-29,2025-09-29 14:49:18,002271.SZ,S,12.370,700
1281,63,2025-09-29,2025-09-29 14:49:18,603786.SH,S,107.770,100
1282,63,2025-09-29,2025-09-29 14:49:18,600732.SH,S,16.400,1600
1283,63,2025-09-29,2025-09-29 14:49:18,600967.SH,B,18.350,1000
1284,63,2025-09-29,2025-09-29 14:49:18,601360.SH,B,11.120,500
1285,63,2025-09-29,2025-09-29 14:49:18,600000.SH,B,12.110,600
1286,63,2025-09-29,2025-09-29 14:49:18,600000.SH,B,12.110,600
1287,63,2025-09-29,2025-09-29 14:49:17,603596.SH,S,53.560,100
1288,63,2025-09-29,2025-09-29 14:49:17,000988.SZ,S,98.730,200
1289,63,2025-09-29,2025-09-29 14:49:16,601958.SH,B,14.960,200
1290,58,2025-09-29,2025-09-29 14:49:14,600698.SH,B,9.620,200
1291,63,2025-09-29,2025-09-29 14:49:14,601398.SH,B,7.330,100
1292,63,2025-09-29,2025-09-29 14:49:13,002444.SZ,B,31.170,100
1293,63,2025-09-29,2025-09-29 14:49:13,002444.SZ,B,31.170,100
1294,63,2025-09-29,2025-09-29 14:49:12,000807.SZ,B,20.180,500
1295,63,2025-09-29,2025-09-29 14:49:11,301285.SZ,S,50.090,100
1296,63,2025-09-29,2025-09-29 14:49:11,002271.SZ,S,12.370,700
1297,63,2025-09-29,2025-09-29 14:49:11,300458.SZ,B,49.480,500
1298,63,2025-09-29,2025-09-29 14:49:10,300347.SZ,B,58.580,100
1299,63,2025-09-29,2025-09-29 14:49:10,300347.SZ,B,58.580,100
1300,63,2025-09-29,2025-09-29 14:49:10,688428.SH,B,27.800,200
1301,63,2025-09-29,2025-09-29 14:49:10,600025.SH,B,9.500,300
1302,63,2025-09-29,2025-09-29 14:49:10,000657.SZ,B,18.350,1800
1303,63,2025-09-29,2025-09-29 14:49:10,688266.SH,S,108.190,200
1304,63,2025-09-29,2025-09-29 14:49:09,600309.SH,S,66.040,600
1305,63,2025-09-29,2025-09-29 14:49:09,600025.SH,B,9.500,1500
1306,63,2025-09-29,2025-09-29 14:49:08,002916.SZ,S,220.590,100
1307,61,2025-09-29,2025-09-29 14:49:08,300400.SZ,S,24.520,100
1308,61,2025-09-29,2025-09-29 14:49:08,300400.SZ,S,24.520,100
1309,61,2025-09-29,2025-09-29 14:49:07,300400.SZ,S,24.520,100
1310,61,2025-09-29,2025-09-29 14:49:07,300400.SZ,S,24.520,100
1311,63,2025-09-29,2025-09-29 14:49:07,688469.SH,B,6.400,550
1312,63,2025-09-29,2025-09-29 14:49:06,688303.SH,B,28.570,44
1313,63,2025-09-29,2025-09-29 14:49:06,688469.SH,B,6.400,253
1314,63,2025-09-29,2025-09-29 14:49:06,688303.SH,B,28.570,496
1315,63,2025-09-29,2025-09-29 14:49:06,688469.SH,B,6.400,296
1316,63,2025-09-29,2025-09-29 14:49:06,002115.SZ,B,10.750,200
1317,63,2025-09-29,2025-09-29 14:49:06,600000.SH,B,12.110,900
1318,63,2025-09-29,2025-09-29 14:49:06,002115.SZ,B,10.750,1000
1319,63,2025-09-29,2025-09-29 14:49:06,002115.SZ,B,10.750,500
1320,63,2025-09-29,2025-09-29 14:49:05,600000.SH,B,12.110,400
1321,63,2025-09-29,2025-09-29 14:49:06,002940.SZ,S,37.380,100
1322,63,2025-09-29,2025-09-29 14:49:05,002384.SZ,S,73.150,300
1323,63,2025-09-29,2025-09-29 14:49:05,600000.SH,B,12.110,400
1324,63,2025-09-29,2025-09-29 14:49:04,001914.SZ,S,12.040,100
1325,63,2025-09-29,2025-09-29 14:49:04,002281.SZ,B,68.850,200
1326,63,2025-09-29,2025-09-29 14:49:03,601799.SH,S,131.260,100
1327,61,2025-09-29,2025-09-29 14:49:02,300088.SZ,B,6.620,2200
1328,58,2025-09-29,2025-09-29 14:49:02,002354.SZ,B,6.910,1900
1329,63,2025-09-29,2025-09-29 14:49:01,600246.SH,B,11.640,1000
1330,63,2025-09-29,2025-09-29 14:49:01,688403.SH,B,18.730,57
1331,63,2025-09-29,2025-09-29 14:49:01,600000.SH,B,12.110,1700
1332,63,2025-09-29,2025-09-29 14:49:01,688403.SH,B,18.730,143
1333,63,2025-09-29,2025-09-29 14:49:01,600000.SH,B,12.110,1700
1334,63,2025-09-29,2025-09-29 14:49:00,001289.SZ,B,17.610,700
1335,63,2025-09-29,2025-09-29 14:48:59,002068.SZ,B,10.800,400
1336,63,2025-09-29,2025-09-29 14:48:59,002068.SZ,B,10.800,300
1337,63,2025-09-29,2025-09-29 14:48:59,002068.SZ,B,10.800,100
1338,58,2025-09-29,2025-09-29 14:48:58,300328.SZ,B,17.010,500
1339,58,2025-09-29,2025-09-29 14:48:57,600601.SH,B,10.400,200
1340,63,2025-09-29,2025-09-29 14:48:57,600160.SH,S,39.660,300
1341,63,2025-09-29,2025-09-29 14:48:57,001289.SZ,B,17.610,400
1342,58,2025-09-29,2025-09-29 14:48:57,300400.SZ,S,24.530,500
1343,63,2025-09-29,2025-09-29 14:48:56,002236.SZ,S,19.990,600
1344,63,2025-09-29,2025-09-29 14:48:56,002236.SZ,S,19.990,900
1345,63,2025-09-29,2025-09-29 14:48:56,300458.SZ,B,49.490,100
1346,63,2025-09-29,2025-09-29 14:48:54,603367.SH,S,20.370,200
1347,59,2025-09-29,2025-09-29 14:48:53,600967.SH,B,18.350,300
1348,59,2025-09-29,2025-09-29 14:48:53,600967.SH,B,18.350,300
1349,61,2025-09-29,2025-09-29 14:48:53,600967.SH,B,18.350,100
1350,61,2025-09-29,2025-09-29 14:48:53,600967.SH,B,18.350,300
1351,63,2025-09-29,2025-09-29 14:48:53,300846.SZ,B,24.040,100
1352,61,2025-09-29,2025-09-29 14:48:53,600967.SH,B,18.350,200
1353,61,2025-09-29,2025-09-29 14:48:53,300251.SZ,B,19.290,400
1354,63,2025-09-29,2025-09-29 14:48:53,300251.SZ,B,19.290,300
1355,63,2025-09-29,2025-09-29 14:48:52,300251.SZ,B,19.290,300
1356,63,2025-09-29,2025-09-29 14:48:52,603166.SH,B,20.500,900
1357,61,2025-09-29,2025-09-29 14:48:52,002290.SZ,S,39.880,200
1358,59,2025-09-29,2025-09-29 14:48:51,300251.SZ,B,19.290,100
1359,59,2025-09-29,2025-09-29 14:48:51,300251.SZ,B,19.290,300
1360,63,2025-09-29,2025-09-29 14:48:51,300251.SZ,B,19.290,100
1361,63,2025-09-29,2025-09-29 14:48:51,001289.SZ,B,17.610,200
1362,63,2025-09-29,2025-09-29 14:48:50,601985.SH,B,8.710,4400
1363,63,2025-09-29,2025-09-29 14:48:50,300059.SZ,S,27.510,1000
1364,63,2025-09-29,2025-09-29 14:48:49,601766.SH,S,7.350,5400
1365,63,2025-09-29,2025-09-29 14:48:49,300328.SZ,B,17.010,200
1366,63,2025-09-29,2025-09-29 14:48:48,000401.SZ,S,4.870,400
1367,61,2025-09-29,2025-09-29 14:48:48,300170.SZ,B,18.050,600
1368,63,2025-09-29,2025-09-29 14:48:48,603501.SH,B,149.640,100
1369,63,2025-09-29,2025-09-29 14:48:48,000568.SZ,S,132.920,100
1370,58,2025-09-29,2025-09-29 14:48:47,002394.SZ,B,11.380,200
1371,63,2025-09-29,2025-09-29 14:48:48,001289.SZ,B,17.610,100
1372,63,2025-09-29,2025-09-29 14:48:47,002215.SZ,S,13.210,100
1373,63,2025-09-29,2025-09-29 14:48:46,300747.SZ,S,25.760,100
1374,63,2025-09-29,2025-09-29 14:48:46,300747.SZ,S,25.760,200
1375,63,2025-09-29,2025-09-29 14:48:46,300747.SZ,S,25.760,100
1376,63,2025-09-29,2025-09-29 14:48:46,300747.SZ,S,25.760,100
1377,63,2025-09-29,2025-09-29 14:48:46,300747.SZ,S,25.760,200
1378,63,2025-09-29,2025-09-29 14:48:45,601127.SH,B,159.170,100
1379,63,2025-09-29,2025-09-29 14:48:45,001289.SZ,B,17.610,100
1380,61,2025-09-29,2025-09-29 14:48:45,300328.SZ,B,17.010,500
1381,59,2025-09-29,2025-09-29 14:48:45,300328.SZ,B,17.010,500
1382,63,2025-09-29,2025-09-29 14:48:44,001289.SZ,B,17.610,100
1383,63,2025-09-29,2025-09-29 14:48:44,002317.SZ,B,16.900,800
1384,63,2025-09-29,2025-09-29 14:48:42,000050.SZ,S,9.950,600
1385,63,2025-09-29,2025-09-29 14:48:42,001289.SZ,B,17.610,100
1386,63,2025-09-29,2025-09-29 14:48:42,002987.SZ,B,21.240,100
1387,63,2025-09-29,2025-09-29 14:48:40,002920.SZ,S,148.700,100
1388,63,2025-09-29,2025-09-29 14:48:40,300418.SZ,B,45.230,300
1389,63,2025-09-29,2025-09-29 14:48:39,001289.SZ,B,17.610,100
1390,63,2025-09-29,2025-09-29 14:48:39,600547.SH,S,38.980,100
1391,63,2025-09-29,2025-09-29 14:48:39,600547.SH,S,38.980,300
1392,63,2025-09-29,2025-09-29 14:48:38,301165.SZ,B,89.350,100
1393,61,2025-09-29,2025-09-29 14:48:37,300324.SZ,B,6.440,800
1394,63,2025-09-29,2025-09-29 14:48:36,600415.SH,S,18.940,900
1395,63,2025-09-29,2025-09-29 14:48:36,300324.SZ,B,6.440,2700
1396,61,2025-09-29,2025-09-29 14:48:33,600698.SH,B,9.620,400
1397,63,2025-09-29,2025-09-29 14:48:31,300602.SZ,S,32.860,200
1398,63,2025-09-29,2025-09-29 14:48:31,002017.SZ,B,23.160,300
1399,63,2025-09-29,2025-09-29 14:48:30,300776.SZ,S,72.600,100
1400,63,2025-09-29,2025-09-29 14:48:30,300723.SZ,S,56.840,100
1401,63,2025-09-29,2025-09-29 14:48:30,300776.SZ,S,72.600,100
1402,63,2025-09-29,2025-09-29 14:48:30,600183.SH,B,54.600,100
1403,63,2025-09-29,2025-09-29 14:48:30,002043.SZ,S,10.660,400
1404,63,2025-09-29,2025-09-29 14:48:29,600406.SH,B,22.660,300
1405,63,2025-09-29,2025-09-29 14:48:29,600406.SH,B,22.660,100
1406,63,2025-09-29,2025-09-29 14:48:29,301376.SZ,S,19.320,200
1407,63,2025-09-29,2025-09-29 14:48:29,600406.SH,B,22.660,1900
1408,63,2025-09-29,2025-09-29 14:48:29,600839.SH,B,10.440,900
1409,63,2025-09-29,2025-09-29 14:48:29,301376.SZ,S,19.320,100
1410,63,2025-09-29,2025-09-29 14:48:28,002436.SZ,B,22.340,100
1411,63,2025-09-29,2025-09-29 14:48:28,002353.SZ,S,57.360,200
1412,63,2025-09-29,2025-09-29 14:48:28,000935.SZ,S,21.490,100
1413,63,2025-09-29,2025-09-29 14:48:28,002353.SZ,S,57.360,100
1414,63,2025-09-29,2025-09-29 14:48:28,601689.SH,B,80.370,200
1415,63,2025-09-29,2025-09-29 14:48:27,603920.SH,B,46.270,200
1416,63,2025-09-29,2025-09-29 14:48:27,600588.SH,B,15.330,200
1417,63,2025-09-29,2025-09-29 14:48:27,600588.SH,B,15.330,200
1418,63,2025-09-29,2025-09-29 14:48:27,600588.SH,B,15.330,100
1419,63,2025-09-29,2025-09-29 14:48:26,300953.SZ,S,177.580,100
1420,63,2025-09-29,2025-09-29 14:48:26,002415.SZ,S,31.220,3100
1421,63,2025-09-29,2025-09-29 14:48:26,600410.SH,B,19.060,700
1422,63,2025-09-29,2025-09-29 14:48:26,300953.SZ,S,177.580,100
1423,61,2025-09-29,2025-09-29 14:48:25,601567.SH,B,24.420,200
1424,52,2025-09-29,2025-09-29 14:48:11,601998.SH,B,7.320,100
1425,61,2025-09-29,2025-09-29 14:48:21,002265.SZ,B,29.390,200
1426,63,2025-09-29,2025-09-29 14:48:21,603988.SH,B,28.300,100
1427,63,2025-09-29,2025-09-29 14:48:20,600651.SH,B,8.560,500
1428,63,2025-09-29,2025-09-29 14:48:19,600887.SH,S,27.210,400
1429,61,2025-09-29,2025-09-29 14:48:18,002265.SZ,B,29.390,100
1430,61,2025-09-29,2025-09-29 14:48:17,300322.SZ,B,23.290,400
1431,52,2025-09-29,2025-09-29 14:48:17,600016.SH,B,4.010,100
1432,58,2025-09-29,2025-09-29 14:48:16,600353.SH,B,16.670,200
1433,63,2025-09-29,2025-09-29 14:48:16,002049.SZ,B,87.350,100
1434,63,2025-09-29,2025-09-29 14:48:16,002414.SZ,B,11.950,1000
1435,63,2025-09-29,2025-09-29 14:48:15,300274.SZ,S,164.590,100
1436,61,2025-09-29,2025-09-29 14:48:15,688165.SH,B,25.390,255
1437,61,2025-09-29,2025-09-29 14:48:15,688165.SH,B,25.390,648
1438,61,2025-09-29,2025-09-29 14:48:15,002265.SZ,B,29.390,100
1439,63,2025-09-29,2025-09-29 14:48:13,300981.SZ,S,13.370,200
1440,63,2025-09-29,2025-09-29 14:48:13,300765.SZ,B,46.300,200
1441,63,2025-09-29,2025-09-29 14:48:13,002080.SZ,B,34.210,200
1442,63,2025-09-29,2025-09-29 14:48:13,300765.SZ,B,46.300,100
1443,63,2025-09-29,2025-09-29 14:48:12,601179.SH,S,6.630,1700
1444,63,2025-09-29,2025-09-29 14:48:12,601208.SH,B,20.330,200
1445,63,2025-09-29,2025-09-29 14:48:12,301396.SZ,S,78.650,100
1446,63,2025-09-29,2025-09-29 14:48:11,002913.SZ,S,40.540,100
1447,59,2025-09-29,2025-09-29 14:48:10,300229.SZ,B,21.210,400
1448,63,2025-09-29,2025-09-29 14:48:10,002913.SZ,S,40.540,100
1449,61,2025-09-29,2025-09-29 14:48:10,300229.SZ,B,21.210,400
1450,63,2025-09-29,2025-09-29 14:48:10,301246.SZ,S,14.530,100
1451,63,2025-09-29,2025-09-29 14:48:09,605178.SH,B,32.490,100
1452,52,2025-09-29,2025-09-29 14:48:08,300229.SZ,B,21.210,100
1453,58,2025-09-29,2025-09-29 14:48:08,603266.SH,B,25.720,200
1454,58,2025-09-29,2025-09-29 14:48:07,300229.SZ,B,21.210,200
1455,59,2025-09-29,2025-09-29 14:48:07,002981.SZ,B,30.700,400
1456,63,2025-09-29,2025-09-29 14:48:07,601898.SH,B,11.370,600
1457,63,2025-09-29,2025-09-29 14:48:07,601898.SH,B,11.370,1000
1458,63,2025-09-29,2025-09-29 14:48:07,601898.SH,B,11.370,900
1459,63,2025-09-29,2025-09-29 14:48:07,000408.SZ,B,55.810,200
1460,63,2025-09-29,2025-09-29 14:48:07,601898.SH,B,11.370,400
1461,63,2025-09-29,2025-09-29 14:48:07,603633.SH,B,11.820,200
1462,63,2025-09-29,2025-09-29 14:48:07,002446.SZ,S,8.340,200
1463,63,2025-09-29,2025-09-29 14:48:06,300382.SZ,B,16.560,200
1464,63,2025-09-29,2025-09-29 14:48:06,301200.SZ,S,98.550,100
1465,63,2025-09-29,2025-09-29 14:48:05,600100.SH,S,7.970,300
1466,63,2025-09-29,2025-09-29 14:48:04,603626.SH,B,14.210,300
1467,63,2025-09-29,2025-09-29 14:48:04,600570.SH,B,34.190,100
1468,63,2025-09-29,2025-09-29 14:48:04,600570.SH,B,34.190,400
1469,63,2025-09-29,2025-09-29 14:48:04,000831.SZ,B,49.730,100
1470,63,2025-09-29,2025-09-29 14:48:04,000980.SZ,B,3.300,1000
1471,63,2025-09-29,2025-09-29 14:48:04,000980.SZ,B,3.300,1300
1472,63,2025-09-29,2025-09-29 14:48:04,000100.SZ,S,4.310,15300
1473,63,2025-09-29,2025-09-29 14:48:04,000831.SZ,B,49.730,100
1474,63,2025-09-29,2025-09-29 14:48:04,000980.SZ,B,3.300,900
1475,58,2025-09-29,2025-09-29 14:48:02,603300.SH,B,9.760,200
1476,61,2025-09-29,2025-09-29 14:48:02,003040.SZ,B,20.770,400
1477,58,2025-09-29,2025-09-29 14:48:01,003040.SZ,B,20.770,300
1478,52,2025-09-29,2025-09-29 14:47:11,600239.SH,S,2.700,3000
1479,59,2025-09-29,2025-09-29 14:47:58,600651.SH,S,8.560,100
1480,61,2025-09-29,2025-09-29 14:47:58,600651.SH,S,8.560,200
1481,63,2025-09-29,2025-09-29 14:47:58,600143.SH,B,20.900,500
1482,63,2025-09-29,2025-09-29 14:47:57,601881.SH,S,17.780,900
1483,63,2025-09-29,2025-09-29 14:47:57,601600.SH,B,8.140,1592
1484,63,2025-09-29,2025-09-29 14:47:57,601600.SH,B,8.140,100
1485,58,2025-09-29,2025-09-29 14:47:56,300249.SZ,B,16.410,200
1486,63,2025-09-29,2025-09-29 14:47:56,601600.SH,B,8.140,100
1487,63,2025-09-29,2025-09-29 14:47:56,601600.SH,B,8.140,408
1488,63,2025-09-29,2025-09-29 14:47:55,601225.SH,B,20.090,1000
1489,63,2025-09-29,2025-09-29 14:47:55,002074.SZ,S,45.560,100
1490,58,2025-09-29,2025-09-29 14:47:54,002290.SZ,S,39.850,200
1491,58,2025-09-29,2025-09-29 14:47:54,000659.SZ,S,2.920,8600
1492,59,2025-09-29,2025-09-29 14:47:54,000659.SZ,S,2.920,3700
1493,61,2025-09-29,2025-09-29 14:47:54,000659.SZ,S,2.920,9700
1494,63,2025-09-29,2025-09-29 14:47:54,601225.SH,B,20.090,100
1495,52,2025-09-29,2025-09-29 14:47:47,000659.SZ,S,2.920,2900
1496,63,2025-09-29,2025-09-29 14:47:53,601089.SH,S,22.210,100
1497,63,2025-09-29,2025-09-29 14:47:53,002594.SZ,B,108.550,300
1498,63,2025-09-29,2025-09-29 14:47:52,002749.SZ,S,15.020,100
1499,63,2025-09-29,2025-09-29 14:47:52,002271.SZ,S,12.360,200
1500,63,2025-09-29,2025-09-29 14:47:52,002271.SZ,S,12.360,500
1501,63,2025-09-29,2025-09-29 14:47:52,002271.SZ,S,12.360,2000
1502,61,2025-09-29,2025-09-29 14:47:50,002632.SZ,S,10.660,1200
1503,63,2025-09-29,2025-09-29 14:47:49,002064.SZ,S,9.070,100
1504,63,2025-09-29,2025-09-29 14:47:47,600160.SH,S,39.570,100
1505,63,2025-09-29,2025-09-29 14:47:47,600160.SH,S,39.570,200
1506,63,2025-09-29,2025-09-29 14:47:46,000333.SZ,B,73.670,200
1507,63,2025-09-29,2025-09-29 14:47:46,000333.SZ,B,73.670,100
1508,63,2025-09-29,2025-09-29 14:47:45,603319.SH,B,44.990,200
1509,63,2025-09-29,2025-09-29 14:47:44,300760.SZ,S,238.760,100
1510,63,2025-09-29,2025-09-29 14:47:44,300919.SZ,S,48.980,200
1511,63,2025-09-29,2025-09-29 14:47:43,300539.SZ,B,47.240,200
1512,63,2025-09-29,2025-09-29 14:47:42,301078.SZ,S,10.690,600
1513,63,2025-09-29,2025-09-29 14:47:42,300188.SZ,S,15.340,600
1514,63,2025-09-29,2025-09-29 14:47:41,002532.SZ,B,11.570,2400
1515,59,2025-09-29,2025-09-29 14:47:40,001211.SZ,S,26.600,800
1516,63,2025-09-29,2025-09-29 14:47:38,301171.SZ,B,30.400,200
1517,63,2025-09-29,2025-09-29 14:47:38,002298.SZ,S,11.990,300
1518,63,2025-09-29,2025-09-29 14:47:38,301078.SZ,S,10.690,100
1519,52,2025-09-29,2025-09-29 14:47:33,002294.SZ,S,59.150,100
1520,61,2025-09-29,2025-09-29 14:47:31,002294.SZ,S,59.090,200
1521,63,2025-09-29,2025-09-29 14:47:30,601012.SH,B,17.540,300
1522,63,2025-09-29,2025-09-29 14:47:30,601012.SH,B,17.540,500
1523,63,2025-09-29,2025-09-29 14:47:30,601012.SH,B,17.540,600
1524,63,2025-09-29,2025-09-29 14:47:30,601012.SH,B,17.540,200
1525,63,2025-09-29,2025-09-29 14:47:30,601012.SH,B,17.540,800
1526,58,2025-09-29,2025-09-29 14:47:28,600337.SH,B,2.240,200
1527,63,2025-09-29,2025-09-29 14:47:29,605499.SH,S,289.680,100
1528,58,2025-09-29,2025-09-29 14:47:28,002294.SZ,S,59.130,200
1529,63,2025-09-29,2025-09-29 14:47:27,601988.SH,S,5.210,100
1530,63,2025-09-29,2025-09-29 14:47:27,601988.SH,S,5.210,100
1531,63,2025-09-29,2025-09-29 14:47:26,601998.SH,B,7.320,2800
1532,63,2025-09-29,2025-09-29 14:47:26,600885.SH,S,26.350,300
1533,63,2025-09-29,2025-09-29 14:47:26,600885.SH,S,26.350,200
1534,63,2025-09-29,2025-09-29 14:47:26,600885.SH,S,26.350,200
1535,63,2025-09-29,2025-09-29 14:47:26,301048.SZ,S,11.710,100
1536,63,2025-09-29,2025-09-29 14:47:24,300014.SZ,B,82.800,100
1537,63,2025-09-29,2025-09-29 14:47:21,601991.SH,S,3.410,500
1538,63,2025-09-29,2025-09-29 14:47:19,601991.SH,S,3.410,1500
1539,63,2025-09-29,2025-09-29 14:47:17,600021.SH,B,19.660,200
1540,63,2025-09-29,2025-09-29 14:47:17,600021.SH,B,19.660,200
1541,63,2025-09-29,2025-09-29 14:47:17,600021.SH,B,19.660,100
1542,63,2025-09-29,2025-09-29 14:47:15,002545.SZ,S,13.690,400
1543,63,2025-09-29,2025-09-29 14:47:15,002545.SZ,S,13.690,300
1544,63,2025-09-29,2025-09-29 14:47:15,002657.SZ,B,32.470,200
1545,63,2025-09-29,2025-09-29 14:47:14,600660.SH,S,72.580,300
1546,52,2025-09-29,2025-09-29 14:47:11,600795.SH,B,4.970,100
1547,63,2025-09-29,2025-09-29 14:47:12,688249.SH,B,33.400,2200
1548,63,2025-09-29,2025-09-29 14:47:12,300620.SZ,S,125.500,100
1549,63,2025-09-29,2025-09-29 14:47:10,002765.SZ,B,14.510,100
1550,63,2025-09-29,2025-09-29 14:47:10,002765.SZ,B,14.510,300
1551,63,2025-09-29,2025-09-29 14:47:10,002765.SZ,B,14.510,400
1552,63,2025-09-29,2025-09-29 14:47:10,002765.SZ,B,14.510,300
1553,63,2025-09-29,2025-09-29 14:47:10,002765.SZ,B,14.510,300
1554,63,2025-09-29,2025-09-29 14:47:10,002765.SZ,B,14.510,300
1555,63,2025-09-29,2025-09-29 14:47:09,000001.SZ,S,11.380,1600
1556,63,2025-09-29,2025-09-29 14:47:09,000750.SZ,S,4.600,1200
1557,59,2025-09-29,2025-09-29 14:47:08,600239.SH,S,2.700,2800
1558,63,2025-09-29,2025-09-29 14:47:08,002146.SZ,B,1.610,800
1559,63,2025-09-29,2025-09-29 14:47:08,300940.SZ,S,29.580,400
1560,59,2025-09-29,2025-09-29 14:47:07,600239.SH,S,2.700,1700
1561,63,2025-09-29,2025-09-29 14:47:07,002812.SZ,S,45.760,200
1562,63,2025-09-29,2025-09-29 14:47:07,300502.SZ,S,387.540,100
1563,63,2025-09-29,2025-09-29 14:47:07,300502.SZ,S,387.540,100
1564,63,2025-09-29,2025-09-29 14:47:07,300836.SZ,B,53.110,100
1565,52,2025-09-29,2025-09-29 14:47:04,002998.SZ,S,8.720,300
1566,63,2025-09-29,2025-09-29 14:47:06,688249.SH,B,33.410,200
1567,63,2025-09-29,2025-09-29 14:47:06,300836.SZ,B,53.110,100
1568,63,2025-09-29,2025-09-29 14:47:04,688008.SH,S,142.470,70
1569,63,2025-09-29,2025-09-29 14:47:04,688008.SH,S,142.470,130
1570,63,2025-09-29,2025-09-29 14:47:03,600684.SH,S,6.100,600
1571,63,2025-09-29,2025-09-29 14:47:04,603659.SH,S,28.530,100
1572,63,2025-09-29,2025-09-29 14:47:03,600673.SH,B,23.560,300
1573,63,2025-09-29,2025-09-29 14:47:03,605050.SH,S,17.710,600
1574,61,2025-09-29,2025-09-29 14:47:02,603903.SH,S,12.210,500
1575,63,2025-09-29,2025-09-29 14:47:01,688008.SH,S,142.480,200
1576,63,2025-09-29,2025-09-29 14:47:00,002674.SZ,B,16.350,100
1577,63,2025-09-29,2025-09-29 14:46:59,002938.SZ,S,56.950,100
1578,63,2025-09-29,2025-09-29 14:46:57,601877.SH,S,28.940,300
1579,63,2025-09-29,2025-09-29 14:46:57,603992.SH,S,31.160,400
1580,63,2025-09-29,2025-09-29 14:46:56,300568.SZ,S,14.140,100
1581,63,2025-09-29,2025-09-29 14:46:56,300568.SZ,S,14.140,200
1582,63,2025-09-29,2025-09-29 14:46:55,300568.SZ,S,14.140,200
1583,63,2025-09-29,2025-09-29 14:46:55,002422.SZ,B,36.240,300
1584,63,2025-09-29,2025-09-29 14:46:54,600651.SH,B,8.560,500
1585,63,2025-09-29,2025-09-29 14:46:53,603881.SH,S,37.470,200
1586,63,2025-09-29,2025-09-29 14:46:53,688180.SH,S,41.050,232
1587,63,2025-09-29,2025-09-29 14:46:53,688180.SH,S,41.050,168
1588,63,2025-09-29,2025-09-29 14:46:52,300650.SZ,B,21.590,200
1589,63,2025-09-29,2025-09-29 14:46:52,300650.SZ,B,21.590,100
1590,63,2025-09-29,2025-09-29 14:46:51,000975.SZ,S,22.340,200
1591,63,2025-09-29,2025-09-29 14:46:50,600031.SH,S,22.970,200
1592,63,2025-09-29,2025-09-29 14:46:50,600031.SH,S,22.970,100
1593,63,2025-09-29,2025-09-29 14:46:50,600031.SH,S,22.970,2200
1594,63,2025-09-29,2025-09-29 14:46:50,002465.SZ,B,12.820,300
1595,63,2025-09-29,2025-09-29 14:46:49,000975.SZ,S,22.340,400
1596,63,2025-09-29,2025-09-29 14:46:48,300364.SZ,B,26.830,300
1597,63,2025-09-29,2025-09-29 14:46:47,601899.SH,B,28.770,100
1598,61,2025-09-29,2025-09-29 14:46:47,002981.SZ,B,30.690,500
1599,63,2025-09-29,2025-09-29 14:46:47,601899.SH,B,28.770,1400
1600,63,2025-09-29,2025-09-29 14:46:47,601899.SH,B,28.770,200
1601,63,2025-09-29,2025-09-29 14:46:46,601880.SH,S,1.740,900
1602,63,2025-09-29,2025-09-29 14:46:45,601899.SH,B,28.770,200
1603,63,2025-09-29,2025-09-29 14:46:44,601456.SH,S,11.210,900
1604,63,2025-09-29,2025-09-29 14:46:43,002547.SZ,B,5.300,400
1605,63,2025-09-29,2025-09-29 14:46:43,600601.SH,B,10.390,1400
1606,63,2025-09-29,2025-09-29 14:46:42,605499.SH,S,289.680,100
1607,63,2025-09-29,2025-09-29 14:46:41,301377.SZ,S,73.920,100
1608,63,2025-09-29,2025-09-29 14:46:41,000893.SZ,S,38.090,200
1609,63,2025-09-29,2025-09-29 14:46:41,002674.SZ,B,16.350,1000
1610,63,2025-09-29,2025-09-29 14:46:41,002130.SZ,B,30.850,200
1611,63,2025-09-29,2025-09-29 14:46:40,600016.SH,B,4.010,200
1612,63,2025-09-29,2025-09-29 14:46:39,002565.SZ,B,7.330,200
1613,63,2025-09-29,2025-09-29 14:46:39,301377.SZ,S,73.920,200
1614,63,2025-09-29,2025-09-29 14:46:39,600703.SH,B,15.130,1200
1615,63,2025-09-29,2025-09-29 14:46:39,600703.SH,B,15.130,200
1616,63,2025-09-29,2025-09-29 14:46:39,601628.SH,S,39.890,300
1617,63,2025-09-29,2025-09-29 14:46:38,000729.SZ,S,12.140,119
1618,63,2025-09-29,2025-09-29 14:46:38,000729.SZ,S,12.140,100
1619,63,2025-09-29,2025-09-29 14:46:38,000729.SZ,S,12.140,200
1620,63,2025-09-29,2025-09-29 14:46:38,000729.SZ,S,12.140,400
1621,63,2025-09-29,2025-09-29 14:46:38,000729.SZ,S,12.140,400
1622,63,2025-09-29,2025-09-29 14:46:38,000729.SZ,S,12.140,300
1623,63,2025-09-29,2025-09-29 14:46:38,000729.SZ,S,12.140,100
1624,63,2025-09-29,2025-09-29 14:46:37,000729.SZ,S,12.140,100
1625,63,2025-09-29,2025-09-29 14:46:37,605028.SH,S,31.210,200
1626,63,2025-09-29,2025-09-29 14:46:37,002736.SZ,B,13.740,200
1627,63,2025-09-29,2025-09-29 14:46:37,002276.SZ,B,18.020,400
1628,63,2025-09-29,2025-09-29 14:46:37,002276.SZ,B,18.020,100
1629,63,2025-09-29,2025-09-29 14:46:37,000729.SZ,S,12.140,100
1630,63,2025-09-29,2025-09-29 14:46:37,000729.SZ,S,12.140,81
1631,63,2025-09-29,2025-09-29 14:46:37,002276.SZ,B,18.020,400
