,fund_id,trade_dt,trade_time,s_info_windcode,direction,price,qty
0,59,2025-09-26,2025-09-26 14:56:32,600527.SH,S,2.260,500
1,59,2025-09-26,2025-09-26 14:56:33,300102.SZ,B,12.190,100
2,52,2025-09-26,2025-09-26 14:46:33,600221.SH,S,1.590,800
3,58,2025-09-26,2025-09-26 14:56:28,300493.SZ,B,22.290,900
4,58,2025-09-26,2025-09-26 14:56:26,300475.SZ,B,77.920,100
5,58,2025-09-26,2025-09-26 14:56:25,002662.SZ,S,3.920,200
6,58,2025-09-26,2025-09-26 14:56:25,002662.SZ,S,3.920,400
7,58,2025-09-26,2025-09-26 14:56:25,002662.SZ,S,3.920,100
8,58,2025-09-26,2025-09-26 14:56:25,002662.SZ,S,3.920,200
9,58,2025-09-26,2025-09-26 14:56:25,002715.SZ,S,24.880,400
10,61,2025-09-26,2025-09-26 14:56:24,002169.SZ,S,8.010,1600
11,61,2025-09-26,2025-09-26 14:56:22,600527.SH,S,2.260,1200
12,61,2025-09-26,2025-09-26 14:56:23,603959.SH,S,6.140,500
13,58,2025-09-26,2025-09-26 14:56:22,002929.SZ,B,50.010,200
14,52,2025-09-26,2025-09-26 14:56:05,600337.SH,S,2.250,2900
15,61,2025-09-26,2025-09-26 14:56:21,300602.SZ,B,32.250,1500
16,58,2025-09-26,2025-09-26 14:56:22,600337.SH,S,2.250,5500
17,58,2025-09-26,2025-09-26 14:56:21,002579.SZ,B,11.990,200
18,58,2025-09-26,2025-09-26 14:56:21,002579.SZ,B,11.990,500
19,58,2025-09-26,2025-09-26 14:56:21,002579.SZ,B,11.990,100
20,58,2025-09-26,2025-09-26 14:56:21,002115.SZ,B,10.630,100
21,58,2025-09-26,2025-09-26 14:56:21,002579.SZ,B,11.990,100
22,59,2025-09-26,2025-09-26 14:56:21,600935.SH,B,2.400,100
23,61,2025-09-26,2025-09-26 14:56:21,300925.SZ,B,26.100,200
24,61,2025-09-26,2025-09-26 14:56:21,300324.SZ,B,6.480,1600
25,61,2025-09-26,2025-09-26 14:56:20,600340.SH,S,2.110,1000
26,61,2025-09-26,2025-09-26 14:56:20,001202.SZ,S,15.730,300
27,58,2025-09-26,2025-09-26 14:56:20,002662.SZ,S,3.930,600
28,58,2025-09-26,2025-09-26 14:56:20,002662.SZ,S,3.930,1000
29,58,2025-09-26,2025-09-26 14:56:20,002662.SZ,S,3.930,900
30,58,2025-09-26,2025-09-26 14:56:20,002662.SZ,S,3.930,700
31,58,2025-09-26,2025-09-26 14:56:20,002662.SZ,S,3.930,600
32,58,2025-09-26,2025-09-26 14:56:20,002662.SZ,S,3.930,700
33,61,2025-09-26,2025-09-26 14:56:20,600239.SH,S,2.620,4000
34,61,2025-09-26,2025-09-26 14:56:20,600239.SH,S,2.620,200
35,61,2025-09-26,2025-09-26 14:56:20,600239.SH,S,2.620,300
36,61,2025-09-26,2025-09-26 14:56:20,600239.SH,S,2.620,1100
37,61,2025-09-26,2025-09-26 14:56:20,600239.SH,S,2.620,600
38,61,2025-09-26,2025-09-26 14:56:20,600239.SH,S,2.620,1500
39,61,2025-09-26,2025-09-26 14:56:20,600210.SH,S,7.260,600
40,61,2025-09-26,2025-09-26 14:56:20,000509.SZ,S,3.270,3300
41,58,2025-09-26,2025-09-26 14:56:20,603959.SH,S,6.150,300
42,59,2025-09-26,2025-09-26 14:56:19,600340.SH,S,2.110,400
43,52,2025-09-26,2025-09-26 14:56:19,002662.SZ,S,3.930,1600
44,61,2025-09-26,2025-09-26 14:56:18,002829.SZ,B,23.150,1200
45,61,2025-09-26,2025-09-26 14:56:18,300493.SZ,B,22.290,800
46,58,2025-09-26,2025-09-26 14:56:19,603959.SH,S,6.150,400
47,58,2025-09-26,2025-09-26 14:56:19,603959.SH,S,6.150,500
48,58,2025-09-26,2025-09-26 14:56:17,300925.SZ,B,26.120,300
49,58,2025-09-26,2025-09-26 14:56:17,002426.SZ,B,3.510,600
50,58,2025-09-26,2025-09-26 14:56:16,000727.SZ,S,2.750,700
51,59,2025-09-26,2025-09-26 14:56:16,300158.SZ,B,6.590,100
52,61,2025-09-26,2025-09-26 14:56:16,600239.SH,S,2.620,7800
53,61,2025-09-26,2025-09-26 14:56:16,600210.SH,S,7.260,100
54,61,2025-09-26,2025-09-26 14:56:16,600210.SH,S,7.260,100
55,61,2025-09-26,2025-09-26 14:56:16,600210.SH,S,7.260,200
56,61,2025-09-26,2025-09-26 14:56:16,600210.SH,S,7.260,100
57,61,2025-09-26,2025-09-26 14:56:16,600210.SH,S,7.260,100
58,61,2025-09-26,2025-09-26 14:56:16,000509.SZ,S,3.270,3300
59,59,2025-09-26,2025-09-26 14:56:15,600157.SH,B,1.610,100
60,52,2025-09-26,2025-09-26 14:56:15,002662.SZ,S,3.930,1600
61,52,2025-09-26,2025-09-26 14:56:15,000727.SZ,S,2.750,200
62,58,2025-09-26,2025-09-26 14:56:15,300835.SZ,B,63.040,100
63,61,2025-09-26,2025-09-26 14:56:14,002949.SZ,S,16.300,200
64,58,2025-09-26,2025-09-26 14:56:14,605566.SH,S,28.240,100
65,58,2025-09-26,2025-09-26 14:56:14,605566.SH,S,28.240,100
66,58,2025-09-26,2025-09-26 14:56:13,300324.SZ,B,6.480,100
67,58,2025-09-26,2025-09-26 14:56:13,300324.SZ,B,6.480,100
68,58,2025-09-26,2025-09-26 14:56:13,300324.SZ,B,6.480,100
69,58,2025-09-26,2025-09-26 14:56:13,300324.SZ,B,6.480,200
70,58,2025-09-26,2025-09-26 14:56:13,300324.SZ,B,6.480,100
71,58,2025-09-26,2025-09-26 14:56:14,000681.SZ,B,19.820,300
72,58,2025-09-26,2025-09-26 14:56:14,605566.SH,S,28.240,100
73,58,2025-09-26,2025-09-26 14:56:14,001202.SZ,S,15.730,400
74,58,2025-09-26,2025-09-26 14:56:13,300324.SZ,B,6.480,100
75,58,2025-09-26,2025-09-26 14:56:12,000700.SZ,B,10.860,900
76,52,2025-09-26,2025-09-26 14:56:12,002169.SZ,S,8.010,500
77,52,2025-09-26,2025-09-26 14:56:11,300602.SZ,B,32.250,500
78,52,2025-09-26,2025-09-26 14:56:10,000700.SZ,B,10.860,200
79,58,2025-09-26,2025-09-26 14:56:10,301076.SZ,B,51.490,100
80,58,2025-09-26,2025-09-26 14:56:11,002239.SZ,S,3.330,2100
81,58,2025-09-26,2025-09-26 14:56:11,002662.SZ,S,3.930,3600
82,52,2025-09-26,2025-09-26 14:56:05,002239.SZ,S,3.330,600
83,52,2025-09-26,2025-09-26 14:56:10,000700.SZ,B,10.860,300
84,58,2025-09-26,2025-09-26 14:56:09,002949.SZ,S,16.300,52
85,58,2025-09-26,2025-09-26 14:56:10,002657.SZ,B,31.760,100
86,58,2025-09-26,2025-09-26 14:56:09,603667.SH,B,45.390,100
87,58,2025-09-26,2025-09-26 14:56:09,002949.SZ,S,16.300,248
88,52,2025-09-26,2025-09-26 14:56:07,300184.SZ,B,11.430,1200
89,58,2025-09-26,2025-09-26 14:56:04,301382.SZ,B,35.330,100
90,61,2025-09-26,2025-09-26 14:56:04,000700.SZ,S,10.870,400
91,61,2025-09-26,2025-09-26 14:56:03,000681.SZ,B,19.820,200
92,61,2025-09-26,2025-09-26 14:56:03,000681.SZ,B,19.820,500
93,61,2025-09-26,2025-09-26 14:56:03,600684.SH,S,5.900,1200
94,61,2025-09-26,2025-09-26 14:56:03,300528.SZ,B,21.540,400
95,61,2025-09-26,2025-09-26 14:56:03,300528.SZ,B,21.530,100
96,58,2025-09-26,2025-09-26 14:56:03,300042.SZ,B,27.250,100
97,61,2025-09-26,2025-09-26 14:56:01,301076.SZ,B,51.480,100
98,58,2025-09-26,2025-09-26 14:56:01,301511.SZ,B,33.840,300
99,58,2025-09-26,2025-09-26 14:56:02,300354.SZ,B,49.590,100
100,58,2025-09-26,2025-09-26 14:56:01,002436.SZ,B,22.300,100
101,61,2025-09-26,2025-09-26 14:56:00,002545.SZ,S,13.580,600
102,61,2025-09-26,2025-09-26 14:56:00,002545.SZ,S,13.580,100
103,61,2025-09-26,2025-09-26 14:56:00,002545.SZ,S,13.580,100
104,58,2025-09-26,2025-09-26 14:56:00,300184.SZ,B,11.430,1400
105,58,2025-09-26,2025-09-26 14:56:00,600337.SH,S,2.250,2300
106,58,2025-09-26,2025-09-26 14:56:00,002169.SZ,S,8.010,3800
107,58,2025-09-26,2025-09-26 14:56:00,300528.SZ,B,21.530,400
108,61,2025-09-26,2025-09-26 14:56:00,002715.SZ,S,24.880,1400
109,58,2025-09-26,2025-09-26 14:56:00,000509.SZ,S,3.270,1000
110,58,2025-09-26,2025-09-26 14:56:00,000509.SZ,S,3.270,1400
111,58,2025-09-26,2025-09-26 14:56:00,000509.SZ,S,3.270,900
112,58,2025-09-26,2025-09-26 14:56:00,000509.SZ,S,3.270,1000
113,58,2025-09-26,2025-09-26 14:56:00,000509.SZ,S,3.270,100
114,58,2025-09-26,2025-09-26 14:56:00,000509.SZ,S,3.270,100
115,58,2025-09-26,2025-09-26 14:56:00,002545.SZ,S,13.580,600
116,52,2025-09-26,2025-09-26 14:55:41,300602.SZ,B,32.280,300
117,52,2025-09-26,2025-09-26 14:55:39,300184.SZ,B,11.430,300
118,59,2025-09-26,2025-09-26 14:55:38,002636.SZ,B,12.210,100
119,59,2025-09-26,2025-09-26 14:55:32,603185.SH,B,21.400,100
120,59,2025-09-26,2025-09-26 14:55:31,300925.SZ,B,26.110,100
121,61,2025-09-26,2025-09-26 14:55:30,300602.SZ,B,32.260,100
122,59,2025-09-26,2025-09-26 14:55:27,600684.SH,S,5.900,400
123,61,2025-09-26,2025-09-26 14:55:15,301511.SZ,B,33.850,200
124,61,2025-09-26,2025-09-26 14:55:14,301021.SZ,B,40.000,300
125,61,2025-09-26,2025-09-26 14:55:12,600337.SH,S,2.250,8900
126,61,2025-09-26,2025-09-26 14:55:00,000727.SZ,S,2.760,800
127,59,2025-09-26,2025-09-26 14:54:57,300304.SZ,B,13.190,100
128,59,2025-09-26,2025-09-26 14:54:54,300139.SZ,B,26.040,200
129,52,2025-09-26,2025-09-26 14:54:40,300184.SZ,B,11.430,300
130,61,2025-09-26,2025-09-26 14:54:34,002115.SZ,B,10.650,100
131,61,2025-09-26,2025-09-26 14:54:29,300184.SZ,B,11.430,400
132,59,2025-09-26,2025-09-26 14:54:26,301012.SZ,B,23.610,100
133,59,2025-09-26,2025-09-26 14:54:25,000727.SZ,S,2.760,300
134,59,2025-09-26,2025-09-26 14:54:21,600210.SH,S,7.260,100
135,59,2025-09-26,2025-09-26 14:54:20,300548.SZ,B,109.380,100
136,59,2025-09-26,2025-09-26 14:54:19,600337.SH,S,2.250,3600
137,59,2025-09-26,2025-09-26 14:54:17,600210.SH,S,7.260,400
138,58,2025-09-26,2025-09-26 14:54:18,002579.SZ,B,12.000,1000
139,59,2025-09-26,2025-09-26 14:54:15,300682.SZ,B,19.090,100
140,59,2025-09-26,2025-09-26 14:54:15,300340.SZ,B,13.660,100
141,59,2025-09-26,2025-09-26 14:54:10,002979.SZ,B,47.450,100
142,59,2025-09-26,2025-09-26 14:54:08,300846.SZ,B,24.360,200
143,59,2025-09-26,2025-09-26 14:54:08,300846.SZ,B,24.360,200
144,59,2025-09-26,2025-09-26 14:54:07,600239.SH,S,2.620,6200
145,61,2025-09-26,2025-09-26 14:54:06,300184.SZ,B,11.430,300
146,59,2025-09-26,2025-09-26 14:54:02,000509.SZ,S,3.270,2500
147,61,2025-09-26,2025-09-26 14:54:00,300139.SZ,B,26.020,300
148,61,2025-09-26,2025-09-26 14:54:00,300139.SZ,B,26.020,100
149,61,2025-09-26,2025-09-26 14:53:59,300139.SZ,B,26.020,500
150,59,2025-09-26,2025-09-26 14:53:58,301270.SZ,B,36.950,100
151,59,2025-09-26,2025-09-26 14:53:56,301176.SZ,B,26.540,100
152,61,2025-09-26,2025-09-26 14:53:55,600577.SH,B,10.000,100
153,59,2025-09-26,2025-09-26 14:53:55,600577.SH,B,10.000,200
154,61,2025-09-26,2025-09-26 14:53:55,300258.SZ,S,15.660,300
155,61,2025-09-26,2025-09-26 14:53:55,300548.SZ,B,109.540,100
156,59,2025-09-26,2025-09-26 14:53:54,300528.SZ,B,21.530,100
157,59,2025-09-26,2025-09-26 14:53:53,002617.SZ,B,9.450,100
158,59,2025-09-26,2025-09-26 14:53:52,600651.SH,B,8.630,100
159,61,2025-09-26,2025-09-26 14:53:48,002662.SZ,S,3.940,6800
160,61,2025-09-26,2025-09-26 14:53:48,002662.SZ,S,3.940,3400
161,59,2025-09-26,2025-09-26 14:53:48,002662.SZ,S,3.940,4000
162,52,2025-09-26,2025-09-26 14:53:42,002715.SZ,S,24.960,400
163,52,2025-09-26,2025-09-26 14:52:17,002545.SZ,S,13.600,100
164,59,2025-09-26,2025-09-26 14:53:18,600880.SH,B,4.880,100
165,59,2025-09-26,2025-09-26 14:53:10,601515.SH,B,4.420,100
166,59,2025-09-26,2025-09-26 14:52:49,000659.SZ,B,2.810,100
167,52,2025-09-26,2025-09-26 14:52:47,300602.SZ,B,32.320,100
168,59,2025-09-26,2025-09-26 14:52:38,601311.SH,B,10.890,100
169,59,2025-09-26,2025-09-26 14:52:26,000757.SZ,B,5.180,100
170,52,2025-09-26,2025-09-26 14:52:26,000700.SZ,B,10.860,600
171,59,2025-09-26,2025-09-26 14:52:21,002269.SZ,B,2.370,100
172,59,2025-09-26,2025-09-26 14:52:12,002468.SZ,B,17.890,100
173,52,2025-09-26,2025-09-26 14:52:05,300602.SZ,B,32.350,100
174,52,2025-09-26,2025-09-26 14:51:39,300846.SZ,B,24.390,400
175,61,2025-09-26,2025-09-26 14:52:01,300493.SZ,B,22.310,200
176,61,2025-09-26,2025-09-26 14:51:54,601956.SH,S,7.590,200
177,59,2025-09-26,2025-09-26 14:51:54,601956.SH,S,7.590,100
178,59,2025-09-26,2025-09-26 14:51:45,000008.SZ,B,2.890,100
179,52,2025-09-26,2025-09-26 14:51:42,300493.SZ,B,22.310,300
180,59,2025-09-26,2025-09-26 14:51:37,002148.SZ,B,9.470,200
181,59,2025-09-26,2025-09-26 14:51:36,002638.SZ,B,2.460,100
182,58,2025-09-26,2025-09-26 14:51:27,603703.SH,B,11.080,74
183,58,2025-09-26,2025-09-26 14:51:27,603703.SH,B,11.080,200
184,58,2025-09-26,2025-09-26 14:51:27,603703.SH,B,11.080,26
185,59,2025-09-26,2025-09-26 14:51:26,601096.SH,B,4.290,100
186,61,2025-09-26,2025-09-26 14:51:23,002664.SZ,B,30.220,100
187,58,2025-09-26,2025-09-26 14:51:16,603667.SH,B,45.430,100
188,52,2025-09-26,2025-09-26 14:51:16,002169.SZ,S,8.030,600
189,58,2025-09-26,2025-09-26 14:51:00,300684.SZ,B,40.860,100
190,58,2025-09-26,2025-09-26 14:51:00,001202.SZ,S,15.740,500
191,59,2025-09-26,2025-09-26 14:51:00,000980.SZ,B,3.260,1600
192,58,2025-09-26,2025-09-26 14:50:58,301000.SZ,B,47.690,100
193,61,2025-09-26,2025-09-26 14:50:55,301511.SZ,B,33.920,300
194,61,2025-09-26,2025-09-26 14:50:54,605566.SH,S,28.240,300
195,59,2025-09-26,2025-09-26 14:50:52,002545.SZ,S,13.600,200
196,59,2025-09-26,2025-09-26 14:50:51,301078.SZ,B,10.780,100
197,59,2025-09-26,2025-09-26 14:50:52,600733.SH,B,7.780,100
198,52,2025-09-26,2025-09-26 14:50:51,605566.SH,S,28.240,200
199,52,2025-09-26,2025-09-26 14:50:48,001202.SZ,S,15.740,400
200,58,2025-09-26,2025-09-26 14:50:46,688312.SH,S,34.190,200
201,59,2025-09-26,2025-09-26 14:50:43,300354.SZ,B,49.680,100
202,59,2025-09-26,2025-09-26 14:50:43,002384.SZ,B,68.900,100
203,59,2025-09-26,2025-09-26 14:50:42,002169.SZ,S,8.030,1700
204,61,2025-09-26,2025-09-26 14:50:39,300684.SZ,B,40.900,100
205,58,2025-09-26,2025-09-26 14:50:35,002829.SZ,B,23.220,100
206,59,2025-09-26,2025-09-26 14:50:31,301511.SZ,B,33.940,200
207,59,2025-09-26,2025-09-26 14:50:30,001287.SZ,B,21.440,100
208,59,2025-09-26,2025-09-26 14:50:30,002715.SZ,S,24.960,500
209,58,2025-09-26,2025-09-26 14:50:29,603590.SH,S,52.640,100
210,58,2025-09-26,2025-09-26 14:50:29,600340.SH,S,2.120,900
211,52,2025-09-26,2025-09-26 14:50:25,600340.SH,S,2.120,200
212,58,2025-09-26,2025-09-26 14:50:28,300400.SZ,B,24.110,100
213,58,2025-09-26,2025-09-26 14:50:28,300400.SZ,B,24.110,200
214,58,2025-09-26,2025-09-26 14:50:28,300475.SZ,B,78.320,300
215,59,2025-09-26,2025-09-26 14:50:25,601077.SH,B,6.460,100
216,58,2025-09-26,2025-09-26 14:50:26,002657.SZ,B,31.810,200
217,58,2025-09-26,2025-09-26 14:50:23,600527.SH,S,2.270,1100
218,52,2025-09-26,2025-09-26 14:50:22,600527.SH,S,2.270,700
219,58,2025-09-26,2025-09-26 14:50:22,002949.SZ,S,16.330,400
220,58,2025-09-26,2025-09-26 14:50:22,002949.SZ,S,16.330,100
221,52,2025-09-26,2025-09-26 14:50:21,002949.SZ,S,16.330,200
222,61,2025-09-26,2025-09-26 14:50:21,300184.SZ,B,11.450,300
223,59,2025-09-26,2025-09-26 14:50:15,002534.SZ,S,15.400,100
224,58,2025-09-26,2025-09-26 14:50:15,002645.SZ,B,14.540,400
225,61,2025-09-26,2025-09-26 14:50:15,002534.SZ,S,15.400,100
226,61,2025-09-26,2025-09-26 14:50:15,002949.SZ,S,16.320,700
227,52,2025-09-26,2025-09-26 14:49:05,600239.SH,S,2.630,5000
228,58,2025-09-26,2025-09-26 14:50:13,600239.SH,S,2.630,2200
229,58,2025-09-26,2025-09-26 14:50:13,600239.SH,S,2.630,1900
230,58,2025-09-26,2025-09-26 14:50:12,600239.SH,S,2.630,9500
231,59,2025-09-26,2025-09-26 14:50:11,300009.SZ,B,10.030,100
232,59,2025-09-26,2025-09-26 14:50:11,002949.SZ,S,16.320,100
233,58,2025-09-26,2025-09-26 14:50:10,301066.SZ,S,15.080,200
234,59,2025-09-26,2025-09-26 14:50:10,300188.SZ,B,15.330,100
235,61,2025-09-26,2025-09-26 14:50:07,600110.SH,B,6.510,1000
236,59,2025-09-26,2025-09-26 14:50:08,002949.SZ,S,16.320,100
237,58,2025-09-26,2025-09-26 14:50:04,600816.SH,S,3.050,100
238,59,2025-09-26,2025-09-26 14:50:02,002949.SZ,S,16.320,100
239,61,2025-09-26,2025-09-26 14:50:02,603590.SH,S,52.760,100
240,59,2025-09-26,2025-09-26 14:49:55,002313.SZ,B,10.730,100
241,61,2025-09-26,2025-09-26 14:49:53,000700.SZ,S,10.880,100
242,59,2025-09-26,2025-09-26 14:49:53,000700.SZ,S,10.880,100
243,61,2025-09-26,2025-09-26 14:49:52,300925.SZ,B,26.050,300
244,61,2025-09-26,2025-09-26 14:49:52,000700.SZ,S,10.880,100
245,61,2025-09-26,2025-09-26 14:49:52,300493.SZ,B,22.370,200
246,61,2025-09-26,2025-09-26 14:49:49,000700.SZ,S,10.880,400
247,52,2025-09-26,2025-09-26 14:48:58,000933.SZ,S,19.360,100
248,61,2025-09-26,2025-09-26 14:49:47,300042.SZ,B,27.330,100
249,58,2025-09-26,2025-09-26 14:49:46,300354.SZ,B,49.770,100
250,58,2025-09-26,2025-09-26 14:49:46,601113.SH,S,4.310,800
251,58,2025-09-26,2025-09-26 14:49:45,601113.SH,S,4.310,200
252,52,2025-09-26,2025-09-26 14:47:33,000425.SZ,S,10.470,100
253,58,2025-09-26,2025-09-26 14:49:37,002158.SZ,B,24.470,100
254,52,2025-09-26,2025-09-26 14:49:35,300602.SZ,B,32.420,100
255,61,2025-09-26,2025-09-26 14:49:31,002645.SZ,B,14.540,900
256,52,2025-09-26,2025-09-26 14:49:29,002645.SZ,B,14.540,300
257,52,2025-09-26,2025-09-26 14:49:13,603626.SH,B,13.580,300
258,59,2025-09-26,2025-09-26 14:49:17,002871.SZ,B,17.030,100
259,58,2025-09-26,2025-09-26 14:49:14,603626.SH,B,13.590,300
260,58,2025-09-26,2025-09-26 14:49:13,603201.SH,B,19.520,60
261,58,2025-09-26,2025-09-26 14:49:13,603201.SH,B,19.520,40
262,59,2025-09-26,2025-09-26 14:49:12,300785.SZ,B,37.270,100
263,52,2025-09-26,2025-09-26 14:49:10,000729.SZ,S,12.290,100
264,58,2025-09-26,2025-09-26 14:49:09,601956.SH,S,7.580,200
265,52,2025-09-26,2025-09-26 14:49:08,600210.SH,S,7.270,300
266,61,2025-09-26,2025-09-26 14:49:07,002239.SZ,S,3.330,2100
267,59,2025-09-26,2025-09-26 14:49:07,002239.SZ,S,3.330,900
268,58,2025-09-26,2025-09-26 14:49:07,002345.SZ,S,15.000,200
269,59,2025-09-26,2025-09-26 14:49:06,000061.SZ,B,8.220,100
270,58,2025-09-26,2025-09-26 14:49:06,300491.SZ,B,30.400,200
271,58,2025-09-26,2025-09-26 14:49:05,600210.SH,S,7.270,1000
272,59,2025-09-26,2025-09-26 14:49:00,002793.SZ,B,5.010,100
273,58,2025-09-26,2025-09-26 14:48:57,605566.SH,S,28.260,200
274,59,2025-09-26,2025-09-26 14:48:55,002158.SZ,S,24.540,100
275,59,2025-09-26,2025-09-26 14:48:54,002324.SZ,B,14.290,100
276,58,2025-09-26,2025-09-26 14:48:51,002472.SZ,B,49.200,100
277,61,2025-09-26,2025-09-26 14:48:47,603959.SH,S,6.140,900
278,59,2025-09-26,2025-09-26 14:48:46,603959.SH,S,6.140,300
279,59,2025-09-26,2025-09-26 14:48:46,603959.SH,S,6.140,200
280,52,2025-09-26,2025-09-26 14:48:18,601113.SH,S,4.310,400
281,59,2025-09-26,2025-09-26 14:48:44,600751.SH,B,4.570,100
282,61,2025-09-26,2025-09-26 14:48:43,688110.SH,B,105.980,200
283,61,2025-09-26,2025-09-26 14:48:43,300184.SZ,B,11.460,200
284,61,2025-09-26,2025-09-26 14:48:41,300184.SZ,B,11.460,100
285,61,2025-09-26,2025-09-26 14:48:36,301066.SZ,S,15.110,100
286,58,2025-09-26,2025-09-26 14:48:35,603153.SH,S,18.650,200
287,52,2025-09-26,2025-09-26 14:48:30,000555.SZ,S,13.790,100
288,61,2025-09-26,2025-09-26 14:48:31,600816.SH,S,3.050,100
289,52,2025-09-26,2025-09-26 14:47:28,603959.SH,S,6.150,400
290,61,2025-09-26,2025-09-26 14:48:22,002846.SZ,S,18.520,300
291,61,2025-09-26,2025-09-26 14:48:21,603153.SH,S,18.640,200
292,52,2025-09-26,2025-09-26 14:48:21,603633.SH,S,12.060,100
293,59,2025-09-26,2025-09-26 14:48:20,603153.SH,S,18.640,100
294,58,2025-09-26,2025-09-26 14:48:16,000555.SZ,S,13.780,100
295,52,2025-09-26,2025-09-26 14:48:12,603219.SH,S,19.300,100
296,58,2025-09-26,2025-09-26 14:48:10,300258.SZ,B,15.690,100
297,61,2025-09-26,2025-09-26 14:48:10,000980.SZ,B,3.260,1000
298,61,2025-09-26,2025-09-26 14:48:10,000980.SZ,B,3.260,3000
299,52,2025-09-26,2025-09-26 14:48:01,300846.SZ,B,24.500,700
300,58,2025-09-26,2025-09-26 14:48:08,300324.SZ,B,6.510,100
301,58,2025-09-26,2025-09-26 14:48:08,300324.SZ,B,6.510,100
302,59,2025-09-26,2025-09-26 14:48:07,600864.SH,B,7.160,100
303,58,2025-09-26,2025-09-26 14:48:08,300324.SZ,B,6.510,1100
304,59,2025-09-26,2025-09-26 14:48:05,002225.SZ,B,5.730,100
305,61,2025-09-26,2025-09-26 14:48:00,300491.SZ,B,30.500,100
306,61,2025-09-26,2025-09-26 14:47:59,000980.SZ,B,3.270,4600
307,58,2025-09-26,2025-09-26 14:47:47,300785.SZ,B,37.450,100
308,58,2025-09-26,2025-09-26 14:47:44,603166.SH,S,21.140,100
309,61,2025-09-26,2025-09-26 14:47:43,603166.SH,S,21.140,100
310,52,2025-09-26,2025-09-26 14:47:34,002303.SZ,S,4.490,100
311,59,2025-09-26,2025-09-26 14:47:32,300382.SZ,B,16.500,100
312,59,2025-09-26,2025-09-26 14:47:31,603758.SH,B,16.400,100
313,59,2025-09-26,2025-09-26 14:47:31,600620.SH,B,6.130,100
314,61,2025-09-26,2025-09-26 14:47:28,001202.SZ,S,15.780,700
315,59,2025-09-26,2025-09-26 14:47:28,001202.SZ,S,15.780,400
316,58,2025-09-26,2025-09-26 14:47:25,600684.SH,S,5.920,1000
317,52,2025-09-26,2025-09-26 14:46:58,600684.SH,S,5.920,300
318,58,2025-09-26,2025-09-26 14:47:23,000509.SZ,S,3.290,1200
319,52,2025-09-26,2025-09-26 14:46:19,000509.SZ,S,3.290,2300
320,61,2025-09-26,2025-09-26 14:47:04,002169.SZ,S,8.050,2400
321,52,2025-09-26,2025-09-26 14:46:19,002212.SZ,B,9.780,100
322,52,2025-09-26,2025-09-26 14:46:19,002212.SZ,B,9.780,200
323,59,2025-09-26,2025-09-26 14:46:59,603626.SH,B,13.640,100
324,59,2025-09-26,2025-09-26 14:46:49,601975.SH,B,3.040,100
325,59,2025-09-26,2025-09-26 14:46:49,003009.SZ,B,48.200,100
326,59,2025-09-26,2025-09-26 14:46:48,600179.SH,B,3.620,100
327,61,2025-09-26,2025-09-26 14:46:48,300049.SZ,S,75.980,100
328,61,2025-09-26,2025-09-26 14:46:47,300258.SZ,S,15.720,400
329,59,2025-09-26,2025-09-26 14:46:48,300049.SZ,S,75.980,100
330,58,2025-09-26,2025-09-26 14:46:44,603986.SH,B,192.260,100
331,58,2025-09-26,2025-09-26 14:46:44,002715.SZ,S,25.040,800
332,59,2025-09-26,2025-09-26 14:46:39,300180.SZ,B,7.370,100
333,59,2025-09-26,2025-09-26 14:46:39,002579.SZ,B,12.050,100
334,59,2025-09-26,2025-09-26 14:46:38,601113.SH,S,4.310,500
335,61,2025-09-26,2025-09-26 14:46:38,601113.SH,S,4.310,1200
336,61,2025-09-26,2025-09-26 14:46:38,300324.SZ,B,6.510,2500
337,59,2025-09-26,2025-09-26 14:46:37,002345.SZ,S,15.000,100
338,59,2025-09-26,2025-09-26 14:46:37,300568.SZ,B,13.500,100
339,61,2025-09-26,2025-09-26 14:46:37,002345.SZ,S,15.000,300
340,61,2025-09-26,2025-09-26 14:46:34,002148.SZ,B,9.490,100
341,59,2025-09-26,2025-09-26 14:46:31,601872.SH,B,8.510,100
342,52,2025-09-26,2025-09-26 14:46:19,002148.SZ,B,9.490,300
343,61,2025-09-26,2025-09-26 14:46:22,603626.SH,B,13.650,100
344,52,2025-09-26,2025-09-26 14:46:19,300324.SZ,B,6.520,2200
345,58,2025-09-26,2025-09-26 14:46:16,002148.SZ,B,9.490,400
346,61,2025-09-26,2025-09-26 14:46:17,300184.SZ,B,11.480,300
347,61,2025-09-26,2025-09-26 14:46:16,002657.SZ,B,31.870,100
348,61,2025-09-26,2025-09-26 14:46:15,002657.SZ,B,31.870,100
349,61,2025-09-26,2025-09-26 14:46:15,002657.SZ,B,31.870,100
350,59,2025-09-26,2025-09-26 14:46:15,002303.SZ,B,4.490,100
351,61,2025-09-26,2025-09-26 14:43:55,300258.SZ,B,15.700,800
352,58,2025-09-26,2025-09-26 14:43:30,600340.SH,S,2.120,1100
353,52,2025-09-26,2025-09-26 14:43:29,600527.SH,S,2.270,300
354,52,2025-09-26,2025-09-26 14:43:29,600340.SH,S,2.120,400
355,58,2025-09-26,2025-09-26 14:43:14,600337.SH,S,2.250,100
356,61,2025-09-26,2025-09-26 14:43:12,002313.SZ,B,10.730,200
357,61,2025-09-26,2025-09-26 14:43:09,002624.SZ,S,19.180,200
358,61,2025-09-26,2025-09-26 14:43:03,600340.SH,S,2.120,1300
359,59,2025-09-26,2025-09-26 14:43:03,600340.SH,S,2.120,500
360,58,2025-09-26,2025-09-26 14:43:00,002146.SZ,S,1.610,100
361,58,2025-09-26,2025-09-26 14:40:03,002664.SZ,B,30.100,100
362,52,2025-09-26,2025-09-26 14:39:29,603151.SH,S,25.150,100
363,58,2025-09-26,2025-09-26 14:39:00,000056.SZ,S,2.660,100
364,58,2025-09-26,2025-09-26 14:38:44,600684.SH,S,5.930,800
365,59,2025-09-26,2025-09-26 14:37:43,000700.SZ,B,10.850,700
366,52,2025-09-26,2025-09-26 14:31:20,002269.SZ,S,2.370,100
367,59,2025-09-26,2025-09-26 14:36:39,002158.SZ,B,24.450,600
368,59,2025-09-26,2025-09-26 14:36:39,002158.SZ,B,24.450,100
369,59,2025-09-26,2025-09-26 14:36:39,002158.SZ,B,24.450,200
370,59,2025-09-26,2025-09-26 14:36:39,002158.SZ,B,24.450,100
371,52,2025-09-26,2025-09-26 14:36:35,601111.SH,S,7.800,100
372,52,2025-09-26,2025-09-26 14:36:00,600905.SH,S,4.280,100
373,61,2025-09-26,2025-09-26 14:35:55,000700.SZ,B,10.830,1100
374,61,2025-09-26,2025-09-26 14:35:45,600684.SH,S,5.920,1000
375,59,2025-09-26,2025-09-26 14:35:45,600684.SH,S,5.920,400
376,61,2025-09-26,2025-09-26 14:35:44,301000.SZ,B,47.680,200
377,58,2025-09-26,2025-09-26 14:35:44,002436.SZ,B,22.290,100
378,58,2025-09-26,2025-09-26 14:35:43,603667.SH,B,45.410,100
379,52,2025-09-26,2025-09-26 14:35:26,002239.SZ,S,3.320,300
380,58,2025-09-26,2025-09-26 14:35:20,000980.SZ,S,3.250,1100
381,52,2025-09-26,2025-09-26 14:35:19,000980.SZ,S,3.250,1200
382,61,2025-09-26,2025-09-26 14:34:52,600239.SH,S,2.630,400
383,58,2025-09-26,2025-09-26 14:34:51,300493.SZ,B,22.320,100
384,58,2025-09-26,2025-09-26 14:34:40,688658.SH,S,22.390,200
385,58,2025-09-26,2025-09-26 14:34:38,002664.SZ,B,30.190,200
386,61,2025-09-26,2025-09-26 14:34:37,000700.SZ,B,10.860,900
387,59,2025-09-26,2025-09-26 14:34:37,000700.SZ,B,10.860,700
388,58,2025-09-26,2025-09-26 14:34:20,601975.SH,S,3.040,100
389,58,2025-09-26,2025-09-26 14:34:12,002396.SZ,S,30.600,100
390,61,2025-09-26,2025-09-26 14:34:11,301107.SZ,S,29.080,100
391,61,2025-09-26,2025-09-26 14:34:04,002545.SZ,S,13.580,100
392,61,2025-09-26,2025-09-26 14:34:02,002624.SZ,S,19.120,600
393,59,2025-09-26,2025-09-26 14:34:02,002624.SZ,S,19.120,100
394,59,2025-09-26,2025-09-26 14:33:47,002396.SZ,S,30.640,200
395,52,2025-09-26,2025-09-26 14:33:45,002624.SZ,S,19.120,400
396,61,2025-09-26,2025-09-26 14:33:44,600547.SH,S,38.140,100
397,52,2025-09-26,2025-09-26 14:33:44,600036.SH,S,40.940,100
398,61,2025-09-26,2025-09-26 14:33:23,300258.SZ,B,15.580,600
399,58,2025-09-26,2025-09-26 14:33:19,603667.SH,B,45.470,100
400,58,2025-09-26,2025-09-26 14:33:19,300835.SZ,B,62.940,100
401,52,2025-09-26,2025-09-26 14:33:13,002545.SZ,S,13.580,100
402,58,2025-09-26,2025-09-26 14:33:14,002472.SZ,S,49.010,100
403,52,2025-09-26,2025-09-26 14:33:13,002472.SZ,S,49.010,100
404,61,2025-09-26,2025-09-26 14:33:13,688658.SH,S,22.430,83
405,61,2025-09-26,2025-09-26 14:33:12,688538.SH,S,2.900,577
406,59,2025-09-26,2025-09-26 14:32:58,002547.SZ,S,5.260,500
407,61,2025-09-26,2025-09-26 14:32:58,002547.SZ,S,5.260,400
408,58,2025-09-26,2025-09-26 14:32:51,002829.SZ,B,23.170,100
409,61,2025-09-26,2025-09-26 14:32:51,002547.SZ,S,5.260,100
410,61,2025-09-26,2025-09-26 14:32:50,002547.SZ,S,5.260,200
411,61,2025-09-26,2025-09-26 14:32:46,002547.SZ,S,5.260,100
412,61,2025-09-26,2025-09-26 14:32:44,002547.SZ,S,5.260,200
413,61,2025-09-26,2025-09-26 14:32:44,002547.SZ,S,5.260,100
414,61,2025-09-26,2025-09-26 14:32:38,300340.SZ,S,13.630,100
415,61,2025-09-26,2025-09-26 14:32:38,300340.SZ,S,13.630,100
416,61,2025-09-26,2025-09-26 14:32:38,300340.SZ,S,13.630,100
417,61,2025-09-26,2025-09-26 14:32:35,688658.SH,S,22.430,300
418,52,2025-09-26,2025-09-26 14:32:01,600684.SH,S,5.940,200
419,58,2025-09-26,2025-09-26 14:32:15,002303.SZ,S,4.490,100
420,61,2025-09-26,2025-09-26 14:32:14,300400.SZ,S,24.130,300
421,58,2025-09-26,2025-09-26 14:32:06,300785.SZ,B,37.440,100
422,58,2025-09-26,2025-09-26 14:32:06,601113.SH,S,4.300,100
423,61,2025-09-26,2025-09-26 14:32:05,300785.SZ,B,37.440,100
424,61,2025-09-26,2025-09-26 14:32:05,300785.SZ,B,37.440,100
425,58,2025-09-26,2025-09-26 14:32:00,002426.SZ,B,3.520,399
426,58,2025-09-26,2025-09-26 14:32:00,002426.SZ,B,3.520,100
427,58,2025-09-26,2025-09-26 14:32:00,002426.SZ,B,3.520,300
428,58,2025-09-26,2025-09-26 14:32:00,002426.SZ,B,3.520,100
429,58,2025-09-26,2025-09-26 14:31:59,002426.SZ,B,3.520,1301
430,59,2025-09-26,2025-09-26 14:31:57,600653.SH,S,2.080,100
431,58,2025-09-26,2025-09-26 14:31:57,300340.SZ,S,13.650,100
432,58,2025-09-26,2025-09-26 14:31:56,002957.SZ,S,18.740,100
433,61,2025-09-26,2025-09-26 14:31:57,603626.SH,B,13.650,200
434,61,2025-09-26,2025-09-26 14:31:55,603667.SH,S,45.560,100
435,58,2025-09-26,2025-09-26 14:31:54,600653.SH,S,2.080,100
436,58,2025-09-26,2025-09-26 14:31:52,001311.SZ,S,26.380,200
437,52,2025-09-26,2025-09-26 14:31:43,002547.SZ,S,5.270,400
438,59,2025-09-26,2025-09-26 14:31:45,001311.SZ,S,26.370,100
439,58,2025-09-26,2025-09-26 14:31:44,688556.SH,S,10.210,238
440,61,2025-09-26,2025-09-26 14:31:44,002472.SZ,S,49.100,100
441,61,2025-09-26,2025-09-26 14:31:43,688556.SH,S,10.210,963
442,58,2025-09-26,2025-09-26 14:31:42,002545.SZ,S,13.610,100
443,61,2025-09-26,2025-09-26 14:31:42,001311.SZ,S,26.370,200
444,61,2025-09-26,2025-09-26 14:31:41,601975.SH,S,3.040,300
445,59,2025-09-26,2025-09-26 14:31:34,002212.SZ,S,9.790,200
446,58,2025-09-26,2025-09-26 14:31:34,002212.SZ,S,9.790,100
447,61,2025-09-26,2025-09-26 14:31:34,002212.SZ,S,9.790,100
448,58,2025-09-26,2025-09-26 14:31:29,002547.SZ,S,5.270,200
449,59,2025-09-26,2025-09-26 14:31:24,688556.SH,S,10.220,971
450,59,2025-09-26,2025-09-26 14:31:22,603151.SH,S,25.270,100
451,58,2025-09-26,2025-09-26 14:31:22,300539.SZ,S,47.990,100
452,59,2025-09-26,2025-09-26 14:31:21,300539.SZ,S,47.910,100
453,61,2025-09-26,2025-09-26 14:31:21,300539.SZ,S,47.910,100
454,59,2025-09-26,2025-09-26 14:31:20,300184.SZ,S,11.500,100
455,61,2025-09-26,2025-09-26 14:31:20,300184.SZ,S,11.500,14
456,61,2025-09-26,2025-09-26 14:31:20,300184.SZ,S,11.500,200
457,61,2025-09-26,2025-09-26 14:31:18,300184.SZ,S,11.500,100
458,61,2025-09-26,2025-09-26 14:31:17,300184.SZ,S,11.500,86
459,58,2025-09-26,2025-09-26 14:28:30,600340.SH,S,2.120,1500
460,58,2025-09-26,2025-09-26 14:28:21,300258.SZ,B,15.610,200
461,58,2025-09-26,2025-09-26 14:28:18,002357.SZ,S,9.830,100
462,61,2025-09-26,2025-09-26 14:28:16,002153.SZ,B,10.610,300
463,59,2025-09-26,2025-09-26 14:28:16,600410.SH,B,18.830,80
464,59,2025-09-26,2025-09-26 14:28:16,600410.SH,B,18.830,420
465,58,2025-09-26,2025-09-26 14:28:15,002829.SZ,B,23.220,300
466,61,2025-09-26,2025-09-26 14:28:14,300835.SZ,B,62.980,100
467,58,2025-09-26,2025-09-26 14:28:14,002239.SZ,S,3.320,2600
468,61,2025-09-26,2025-09-26 14:28:14,300400.SZ,B,24.120,300
469,61,2025-09-26,2025-09-26 14:28:13,300400.SZ,B,24.120,100
470,61,2025-09-26,2025-09-26 14:28:13,300400.SZ,B,24.120,100
471,61,2025-09-26,2025-09-26 14:28:13,300400.SZ,B,24.120,100
472,61,2025-09-26,2025-09-26 14:28:13,300400.SZ,B,24.120,100
473,61,2025-09-26,2025-09-26 14:28:13,600527.SH,S,2.270,3300
474,61,2025-09-26,2025-09-26 14:28:13,600527.SH,S,2.270,8000
475,61,2025-09-26,2025-09-26 14:28:13,600527.SH,S,2.270,700
476,59,2025-09-26,2025-09-26 14:28:13,600527.SH,S,2.270,4300
477,59,2025-09-26,2025-09-26 14:28:13,600527.SH,S,2.270,500
478,61,2025-09-26,2025-09-26 14:28:11,600699.SH,B,34.220,100
479,61,2025-09-26,2025-09-26 14:28:10,600239.SH,B,2.640,300
480,61,2025-09-26,2025-09-26 14:28:10,600239.SH,B,2.640,600
481,58,2025-09-26,2025-09-26 14:28:10,300184.SZ,B,11.440,600
482,58,2025-09-26,2025-09-26 14:28:10,601077.SH,B,6.480,100
483,59,2025-09-26,2025-09-26 14:28:10,600239.SH,B,2.640,200
484,61,2025-09-26,2025-09-26 14:28:08,600221.SH,S,1.580,599
485,61,2025-09-26,2025-09-26 14:28:09,002396.SZ,B,30.620,100
486,61,2025-09-26,2025-09-26 14:28:08,600221.SH,S,1.580,1901
487,58,2025-09-26,2025-09-26 14:28:08,603151.SH,S,25.220,100
488,58,2025-09-26,2025-09-26 14:28:08,002662.SZ,B,3.950,100
489,59,2025-09-26,2025-09-26 14:28:08,600221.SH,S,1.580,1000
490,59,2025-09-26,2025-09-26 14:28:09,002396.SZ,B,30.620,200
491,58,2025-09-26,2025-09-26 14:28:07,002212.SZ,B,9.770,100
492,58,2025-09-26,2025-09-26 14:28:07,002212.SZ,B,9.770,100
493,58,2025-09-26,2025-09-26 14:28:07,688382.SH,B,31.670,153
494,58,2025-09-26,2025-09-26 14:28:07,002212.SZ,B,9.770,100
495,58,2025-09-26,2025-09-26 14:28:07,300539.SZ,S,47.640,100
496,58,2025-09-26,2025-09-26 14:28:07,688382.SH,B,31.670,153
497,58,2025-09-26,2025-09-26 14:28:07,002212.SZ,B,9.770,400
498,52,2025-09-26,2025-09-26 14:28:07,601985.SH,B,8.640,200
499,58,2025-09-26,2025-09-26 14:28:06,002169.SZ,S,7.990,200
500,58,2025-09-26,2025-09-26 14:28:06,002169.SZ,S,7.990,400
501,58,2025-09-26,2025-09-26 14:28:05,601166.SH,S,20.360,200
502,58,2025-09-26,2025-09-26 14:28:05,301133.SZ,S,31.140,100
503,58,2025-09-26,2025-09-26 14:28:05,002426.SZ,B,3.520,2000
504,58,2025-09-26,2025-09-26 14:28:05,605056.SH,S,15.770,100
505,58,2025-09-26,2025-09-26 14:28:05,002426.SZ,B,3.520,1500
506,58,2025-09-26,2025-09-26 14:28:04,605056.SH,S,15.770,100
507,58,2025-09-26,2025-09-26 14:28:05,002426.SZ,B,3.520,1300
508,58,2025-09-26,2025-09-26 14:28:04,300042.SZ,B,27.330,100
509,58,2025-09-26,2025-09-26 14:28:04,605056.SH,S,15.770,100
510,61,2025-09-26,2025-09-26 14:28:03,002624.SZ,B,19.160,100
511,58,2025-09-26,2025-09-26 14:28:03,600110.SH,B,6.510,500
512,58,2025-09-26,2025-09-26 14:28:03,600110.SH,B,6.510,200
513,61,2025-09-26,2025-09-26 14:28:02,300340.SZ,B,13.660,700
514,61,2025-09-26,2025-09-26 14:28:02,002624.SZ,B,19.160,500
515,61,2025-09-26,2025-09-26 14:28:01,002624.SZ,B,19.160,500
516,58,2025-09-26,2025-09-26 14:28:02,002396.SZ,B,30.630,600
517,59,2025-09-26,2025-09-26 14:28:01,600340.SH,S,2.120,700
518,61,2025-09-26,2025-09-26 14:28:00,600653.SH,S,2.070,2600
519,61,2025-09-26,2025-09-26 14:28:00,600340.SH,S,2.120,1700
520,61,2025-09-26,2025-09-26 14:28:00,600653.SH,S,2.070,3100
521,61,2025-09-26,2025-09-26 14:28:00,601166.SH,S,20.340,600
522,61,2025-09-26,2025-09-26 14:28:00,300797.SZ,S,16.810,400
523,58,2025-09-26,2025-09-26 14:28:00,600653.SH,S,2.070,5000
524,58,2025-09-26,2025-09-26 14:28:00,603305.SH,B,18.480,100
525,58,2025-09-26,2025-09-26 14:28:00,603088.SH,B,11.320,100
526,58,2025-09-26,2025-09-26 14:28:00,002708.SZ,S,14.020,200
527,58,2025-09-26,2025-09-26 14:28:00,600221.SH,S,1.580,2200
528,58,2025-09-26,2025-09-26 14:28:00,002146.SZ,S,1.610,7500
529,52,2025-09-26,2025-09-26 14:27:59,002239.SZ,S,3.320,2000
530,52,2025-09-26,2025-09-26 14:27:55,002146.SZ,S,1.610,2600
531,59,2025-09-26,2025-09-26 14:27:48,600653.SH,S,2.070,2200
532,52,2025-09-26,2025-09-26 14:27:46,600221.SH,S,1.580,1500
533,52,2025-09-26,2025-09-26 14:27:28,600653.SH,S,2.080,860
534,52,2025-09-26,2025-09-26 14:27:28,600653.SH,S,2.080,540
535,52,2025-09-26,2025-09-26 14:27:15,002708.SZ,S,14.040,100
536,52,2025-09-26,2025-09-26 14:27:00,002445.SZ,S,2.630,100
537,58,2025-09-26,2025-09-26 14:26:23,000056.SZ,B,2.660,100
538,52,2025-09-26,2025-09-26 14:25:56,000564.SZ,S,2.610,200
539,61,2025-09-26,2025-09-26 14:25:54,002662.SZ,B,3.950,300
540,61,2025-09-26,2025-09-26 14:25:43,600157.SH,B,1.610,100
541,58,2025-09-26,2025-09-26 14:25:34,600157.SH,B,1.610,100
542,59,2025-09-26,2025-09-26 14:25:20,300184.SZ,B,11.470,1300
543,61,2025-09-26,2025-09-26 14:25:16,002547.SZ,B,5.260,800
544,59,2025-09-26,2025-09-26 14:25:12,002212.SZ,B,9.780,500
545,58,2025-09-26,2025-09-26 14:24:59,600337.SH,B,2.260,100
546,52,2025-09-26,2025-09-26 14:16:17,600340.SH,S,2.130,500
547,58,2025-09-26,2025-09-26 14:24:47,002303.SZ,B,4.490,100
548,52,2025-09-26,2025-09-26 14:24:20,300121.SZ,S,15.670,100
549,52,2025-09-26,2025-09-26 14:24:15,002436.SZ,B,22.410,200
550,61,2025-09-26,2025-09-26 14:23:58,688382.SH,B,31.650,200
551,59,2025-09-26,2025-09-26 14:23:57,000681.SZ,B,19.920,100
552,59,2025-09-26,2025-09-26 14:23:57,000681.SZ,B,19.920,100
553,61,2025-09-26,2025-09-26 14:23:56,688382.SH,B,31.650,174
554,61,2025-09-26,2025-09-26 14:23:56,688382.SH,B,31.650,200
555,52,2025-09-26,2025-09-26 14:23:13,603151.SH,S,25.240,100
556,52,2025-09-26,2025-09-26 14:22:15,601166.SH,S,20.370,200
557,52,2025-09-26,2025-09-26 14:23:31,600905.SH,B,4.280,400
558,58,2025-09-26,2025-09-26 14:23:22,000980.SZ,B,3.260,1800
559,52,2025-09-26,2025-09-26 14:23:21,000980.SZ,B,3.260,1300
560,58,2025-09-26,2025-09-26 14:23:19,603201.SH,S,19.540,300
561,61,2025-09-26,2025-09-26 14:23:08,603201.SH,S,19.550,100
562,52,2025-09-26,2025-09-26 14:22:43,603201.SH,S,19.540,100
563,58,2025-09-26,2025-09-26 14:23:05,603626.SH,B,13.670,100
564,58,2025-09-26,2025-09-26 14:22:58,688556.SH,B,10.190,534
565,61,2025-09-26,2025-09-26 14:22:57,300354.SZ,B,49.780,100
566,59,2025-09-26,2025-09-26 14:22:55,603201.SH,S,19.530,200
567,61,2025-09-26,2025-09-26 14:22:54,688382.SH,B,31.640,300
568,58,2025-09-26,2025-09-26 14:22:53,301512.SZ,S,49.180,100
569,61,2025-09-26,2025-09-26 14:22:53,688382.SH,B,31.640,300
570,58,2025-09-26,2025-09-26 14:22:53,688382.SH,B,31.640,200
571,52,2025-09-26,2025-09-26 14:22:48,605056.SH,S,15.820,200
572,58,2025-09-26,2025-09-26 14:22:48,000659.SZ,B,2.830,100
573,61,2025-09-26,2025-09-26 14:22:46,301512.SZ,S,49.190,200
574,58,2025-09-26,2025-09-26 14:22:47,300340.SZ,B,13.690,500
575,58,2025-09-26,2025-09-26 14:22:47,002026.SZ,S,13.820,500
576,58,2025-09-26,2025-09-26 14:22:47,002026.SZ,S,13.820,100
577,61,2025-09-26,2025-09-26 14:22:45,002169.SZ,S,8.030,600
578,61,2025-09-26,2025-09-26 14:22:41,603201.SH,S,19.550,300
579,58,2025-09-26,2025-09-26 14:22:42,002384.SZ,B,69.100,300
580,58,2025-09-26,2025-09-26 14:22:24,603151.SH,S,25.260,200
581,61,2025-09-26,2025-09-26 14:22:22,002624.SZ,B,19.260,300
582,52,2025-09-26,2025-09-26 14:22:20,002624.SZ,B,19.260,300
583,58,2025-09-26,2025-09-26 14:22:17,603703.SH,B,11.140,100
584,58,2025-09-26,2025-09-26 14:22:17,603703.SH,B,11.140,200
585,58,2025-09-26,2025-09-26 14:22:17,301512.SZ,S,49.200,100
586,58,2025-09-26,2025-09-26 14:22:17,301512.SZ,S,49.200,100
587,52,2025-09-26,2025-09-26 14:22:17,301512.SZ,S,49.200,100
588,52,2025-09-26,2025-09-26 14:22:17,002624.SZ,B,19.270,500
589,61,2025-09-26,2025-09-26 14:22:14,002624.SZ,B,19.270,200
590,58,2025-09-26,2025-09-26 14:22:07,002046.SZ,S,27.870,200
591,61,2025-09-26,2025-09-26 14:22:11,601166.SH,S,20.360,200
592,61,2025-09-26,2025-09-26 14:22:10,301512.SZ,S,49.210,100
593,59,2025-09-26,2025-09-26 14:22:04,600684.SH,S,5.930,400
594,61,2025-09-26,2025-09-26 14:22:04,600684.SH,S,5.930,900
595,61,2025-09-26,2025-09-26 14:22:02,301512.SZ,S,49.230,100
596,52,2025-09-26,2025-09-26 14:20:59,600732.SH,B,15.560,100
597,52,2025-09-26,2025-09-26 14:20:59,600732.SH,B,15.560,100
598,58,2025-09-26,2025-09-26 14:21:58,603236.SH,B,102.530,100
599,61,2025-09-26,2025-09-26 14:21:55,300158.SZ,S,6.600,100
600,59,2025-09-26,2025-09-26 14:21:53,300491.SZ,B,30.550,200
601,58,2025-09-26,2025-09-26 14:21:53,002169.SZ,S,8.040,700
602,58,2025-09-26,2025-09-26 14:21:52,300121.SZ,S,15.700,200
603,58,2025-09-26,2025-09-26 14:21:52,300121.SZ,S,15.700,100
604,52,2025-09-26,2025-09-26 14:21:52,002169.SZ,S,8.040,500
605,61,2025-09-26,2025-09-26 14:21:50,603192.SH,S,21.350,100
606,58,2025-09-26,2025-09-26 14:21:48,002949.SZ,S,16.370,100
607,61,2025-09-26,2025-09-26 14:21:48,002949.SZ,S,16.370,200
608,52,2025-09-26,2025-09-26 14:21:45,002949.SZ,S,16.370,100
609,59,2025-09-26,2025-09-26 14:21:45,002949.SZ,S,16.370,100
610,58,2025-09-26,2025-09-26 14:21:34,002011.SZ,B,14.040,100
611,58,2025-09-26,2025-09-26 14:21:28,000700.SZ,S,10.930,200
612,52,2025-09-26,2025-09-26 14:21:27,000700.SZ,S,10.930,100
613,61,2025-09-26,2025-09-26 14:21:26,688658.SH,B,22.430,362
614,61,2025-09-26,2025-09-26 14:21:21,300126.SZ,B,9.280,500
615,61,2025-09-26,2025-09-26 14:21:20,300126.SZ,B,9.280,400
616,58,2025-09-26,2025-09-26 14:21:12,002645.SZ,B,14.620,200
617,59,2025-09-26,2025-09-26 14:21:10,600110.SH,B,6.520,200
618,58,2025-09-26,2025-09-26 14:21:09,601975.SH,B,3.040,100
619,58,2025-09-26,2025-09-26 14:21:09,600595.SH,B,5.090,100
620,61,2025-09-26,2025-09-26 14:21:07,300126.SZ,B,9.280,100
621,52,2025-09-26,2025-09-26 14:21:05,600986.SH,B,8.280,200
622,61,2025-09-26,2025-09-26 14:21:04,002579.SZ,B,12.020,900
623,58,2025-09-26,2025-09-26 14:21:03,603185.SH,B,21.490,200
624,61,2025-09-26,2025-09-26 14:21:03,002153.SZ,B,10.630,165
625,61,2025-09-26,2025-09-26 14:21:02,002153.SZ,B,10.630,200
626,61,2025-09-26,2025-09-26 14:21:02,002153.SZ,B,10.630,200
627,61,2025-09-26,2025-09-26 14:21:02,002153.SZ,B,10.630,135
628,58,2025-09-26,2025-09-26 14:21:01,600410.SH,B,18.920,500
629,58,2025-09-26,2025-09-26 14:21:01,002624.SZ,B,19.300,700
630,58,2025-09-26,2025-09-26 14:21:01,600410.SH,B,18.920,300
631,61,2025-09-26,2025-09-26 14:21:02,000700.SZ,S,10.930,400
632,59,2025-09-26,2025-09-26 14:21:02,000700.SZ,S,10.930,400
633,59,2025-09-26,2025-09-26 14:21:01,300126.SZ,B,9.280,500
634,59,2025-09-26,2025-09-26 14:21:00,600527.SH,S,2.280,4200
635,58,2025-09-26,2025-09-26 14:21:00,600527.SH,S,2.280,9900
636,58,2025-09-26,2025-09-26 14:21:00,600527.SH,S,2.280,7000
637,58,2025-09-26,2025-09-26 14:21:00,600527.SH,S,2.280,1600
638,58,2025-09-26,2025-09-26 14:21:00,600527.SH,S,2.280,1400
639,61,2025-09-26,2025-09-26 14:21:00,600527.SH,S,2.280,10500
640,52,2025-09-26,2025-09-26 14:16:17,600527.SH,S,2.280,6100
641,61,2025-09-26,2025-09-26 14:20:46,603667.SH,B,45.640,200
642,59,2025-09-26,2025-09-26 14:20:46,301133.SZ,S,30.850,100
643,61,2025-09-26,2025-09-26 14:20:46,301133.SZ,S,30.850,100
644,61,2025-09-26,2025-09-26 14:20:46,301133.SZ,S,30.850,100
645,61,2025-09-26,2025-09-26 14:20:46,301133.SZ,S,30.850,200
646,58,2025-09-26,2025-09-26 14:20:45,600410.SH,B,18.920,200
647,58,2025-09-26,2025-09-26 14:20:44,300184.SZ,B,11.500,500
648,58,2025-09-26,2025-09-26 14:20:43,002858.SZ,B,15.070,100
649,58,2025-09-26,2025-09-26 14:20:43,601166.SH,S,20.370,400
650,52,2025-09-26,2025-09-26 14:16:27,002303.SZ,S,4.510,200
651,61,2025-09-26,2025-09-26 14:20:40,002269.SZ,B,2.360,100
652,61,2025-09-26,2025-09-26 14:20:39,300184.SZ,B,11.490,100
653,58,2025-09-26,2025-09-26 14:20:38,603667.SH,B,45.650,100
654,61,2025-09-26,2025-09-26 14:20:36,300184.SZ,B,11.490,600
655,61,2025-09-26,2025-09-26 14:20:36,300184.SZ,B,11.490,400
656,61,2025-09-26,2025-09-26 14:20:36,300184.SZ,B,11.490,300
657,58,2025-09-26,2025-09-26 14:20:34,600203.SH,B,13.380,100
658,58,2025-09-26,2025-09-26 14:20:32,002957.SZ,B,18.800,100
659,58,2025-09-26,2025-09-26 14:20:29,002239.SZ,S,3.330,2800
660,59,2025-09-26,2025-09-26 14:20:26,301512.SZ,S,49.190,100
661,59,2025-09-26,2025-09-26 14:20:25,300258.SZ,B,15.650,500
662,61,2025-09-26,2025-09-26 14:20:25,300258.SZ,B,15.650,900
663,61,2025-09-26,2025-09-26 14:20:21,688658.SH,B,22.420,200
664,61,2025-09-26,2025-09-26 14:20:19,002239.SZ,S,3.330,6100
665,59,2025-09-26,2025-09-26 14:20:19,002239.SZ,S,3.330,2500
666,58,2025-09-26,2025-09-26 14:20:15,300491.SZ,B,30.550,100
667,58,2025-09-26,2025-09-26 14:20:15,300491.SZ,B,30.550,100
668,52,2025-09-26,2025-09-26 14:20:14,300184.SZ,B,11.490,200
669,58,2025-09-26,2025-09-26 14:20:11,300009.SZ,B,10.030,100
670,52,2025-09-26,2025-09-26 14:16:17,000980.SZ,B,3.250,2100
671,61,2025-09-26,2025-09-26 14:20:05,300554.SZ,S,26.370,100
672,58,2025-09-26,2025-09-26 14:20:04,600210.SH,S,7.300,500
673,52,2025-09-26,2025-09-26 14:20:03,600210.SH,S,7.300,200
674,58,2025-09-26,2025-09-26 14:20:02,002232.SZ,B,21.130,100
675,58,2025-09-26,2025-09-26 14:20:03,300126.SZ,B,9.270,700
676,58,2025-09-26,2025-09-26 14:20:01,300354.SZ,B,49.860,200
677,61,2025-09-26,2025-09-26 14:19:59,600259.SH,S,55.770,100
678,58,2025-09-26,2025-09-26 14:19:58,301321.SZ,B,17.300,100
679,52,2025-09-26,2025-09-26 14:19:56,301133.SZ,S,30.810,100
680,61,2025-09-26,2025-09-26 14:19:55,002020.SZ,B,20.120,100
681,58,2025-09-26,2025-09-26 14:19:56,301133.SZ,S,30.810,200
682,58,2025-09-26,2025-09-26 14:19:56,002174.SZ,S,11.440,300
683,58,2025-09-26,2025-09-26 14:19:54,002392.SZ,S,9.420,900
684,61,2025-09-26,2025-09-26 14:19:53,002357.SZ,S,9.850,200
685,52,2025-09-26,2025-09-26 14:19:53,002392.SZ,S,9.420,200
686,58,2025-09-26,2025-09-26 14:19:44,002547.SZ,B,5.260,300
687,61,2025-09-26,2025-09-26 14:19:42,002579.SZ,B,12.010,500
688,61,2025-09-26,2025-09-26 14:19:38,300797.SZ,S,16.890,500
689,58,2025-09-26,2025-09-26 14:19:39,002547.SZ,B,5.260,300
690,59,2025-09-26,2025-09-26 14:19:38,300797.SZ,S,16.890,400
691,58,2025-09-26,2025-09-26 14:19:37,300258.SZ,B,15.640,500
692,58,2025-09-26,2025-09-26 14:19:33,002547.SZ,B,5.260,200
693,59,2025-09-26,2025-09-26 14:19:28,002436.SZ,B,22.420,200
694,52,2025-09-26,2025-09-26 14:19:25,300565.SZ,S,12.750,100
695,58,2025-09-26,2025-09-26 14:19:27,002547.SZ,B,5.260,300
696,58,2025-09-26,2025-09-26 14:19:26,300565.SZ,S,12.750,100
697,61,2025-09-26,2025-09-26 14:19:19,002547.SZ,B,5.260,1400
698,61,2025-09-26,2025-09-26 14:19:16,600577.SH,B,10.050,100
699,58,2025-09-26,2025-09-26 14:19:11,002396.SZ,B,30.750,100
700,61,2025-09-26,2025-09-26 14:19:09,002212.SZ,B,9.790,800
701,59,2025-09-26,2025-09-26 14:19:06,300364.SZ,B,27.150,200
702,58,2025-09-26,2025-09-26 14:19:06,001215.SZ,S,40.020,100
703,61,2025-09-26,2025-09-26 14:19:03,600489.SH,S,20.590,200
704,61,2025-09-26,2025-09-26 14:19:00,300184.SZ,B,11.500,200
705,61,2025-09-26,2025-09-26 14:19:00,300184.SZ,B,11.500,200
706,52,2025-09-26,2025-09-26 14:18:59,600410.SH,B,18.920,200
707,61,2025-09-26,2025-09-26 14:18:56,002645.SZ,B,14.620,100
708,61,2025-09-26,2025-09-26 14:18:54,605056.SH,S,15.840,100
709,61,2025-09-26,2025-09-26 14:18:54,605056.SH,S,15.840,100
710,61,2025-09-26,2025-09-26 14:18:54,605056.SH,S,15.840,200
711,61,2025-09-26,2025-09-26 14:18:54,605056.SH,S,15.840,100
712,61,2025-09-26,2025-09-26 14:18:54,605056.SH,S,15.840,300
713,61,2025-09-26,2025-09-26 14:18:54,605056.SH,S,15.840,200
714,59,2025-09-26,2025-09-26 14:18:55,605056.SH,S,15.840,100
715,59,2025-09-26,2025-09-26 14:18:54,605056.SH,S,15.840,100
716,59,2025-09-26,2025-09-26 14:18:54,605056.SH,S,15.840,200
717,61,2025-09-26,2025-09-26 14:18:52,002664.SZ,B,30.450,300
718,61,2025-09-26,2025-09-26 14:18:52,002222.SZ,B,49.050,100
719,61,2025-09-26,2025-09-26 14:18:50,300835.SZ,B,63.270,200
720,61,2025-09-26,2025-09-26 14:18:49,000069.SZ,B,2.560,100
721,58,2025-09-26,2025-09-26 14:18:48,600259.SH,S,55.680,100
722,52,2025-09-26,2025-09-26 14:18:47,002232.SZ,B,21.150,200
723,61,2025-09-26,2025-09-26 14:18:46,002146.SZ,S,1.610,1600
724,61,2025-09-26,2025-09-26 14:18:46,002146.SZ,S,1.610,6800
725,58,2025-09-26,2025-09-26 14:18:43,600732.SH,B,15.560,100
726,58,2025-09-26,2025-09-26 14:18:43,600732.SH,B,15.560,100
727,58,2025-09-26,2025-09-26 14:18:43,600732.SH,B,15.560,100
728,58,2025-09-26,2025-09-26 14:18:40,300539.SZ,S,47.900,100
729,52,2025-09-26,2025-09-26 14:16:52,300539.SZ,S,47.900,100
730,52,2025-09-26,2025-09-26 14:16:18,002547.SZ,B,5.260,800
731,61,2025-09-26,2025-09-26 14:18:33,603185.SH,B,21.480,300
732,61,2025-09-26,2025-09-26 14:18:23,002026.SZ,S,13.960,500
733,61,2025-09-26,2025-09-26 14:18:17,002436.SZ,B,22.410,100
734,59,2025-09-26,2025-09-26 14:18:16,002547.SZ,B,5.260,900
735,59,2025-09-26,2025-09-26 14:18:09,002396.SZ,B,30.710,300
736,59,2025-09-26,2025-09-26 14:18:06,688556.SH,B,10.200,133
737,61,2025-09-26,2025-09-26 14:18:06,688556.SH,B,10.200,1337
738,58,2025-09-26,2025-09-26 14:18:04,002491.SZ,B,5.350,100
739,58,2025-09-26,2025-09-26 14:18:03,002269.SZ,B,2.360,100
740,58,2025-09-26,2025-09-26 14:17:58,002979.SZ,B,47.560,100
741,59,2025-09-26,2025-09-26 14:17:54,002624.SZ,B,19.290,500
742,58,2025-09-26,2025-09-26 14:17:53,600684.SH,S,5.930,800
743,52,2025-09-26,2025-09-26 14:17:16,600684.SH,S,5.930,200
744,59,2025-09-26,2025-09-26 14:17:47,688556.SH,B,10.200,1079
745,58,2025-09-26,2025-09-26 14:17:37,300364.SZ,B,27.120,100
746,61,2025-09-26,2025-09-26 14:17:34,603667.SH,B,45.600,100
747,52,2025-09-26,2025-09-26 14:17:33,300364.SZ,B,27.120,200
748,58,2025-09-26,2025-09-26 14:17:32,301176.SZ,B,26.560,100
749,61,2025-09-26,2025-09-26 14:17:31,002396.SZ,B,30.710,200
750,52,2025-09-26,2025-09-26 14:17:29,002373.SZ,S,11.020,100
751,61,2025-09-26,2025-09-26 14:17:28,603667.SH,B,45.640,200
752,52,2025-09-26,2025-09-26 14:17:24,002384.SZ,B,69.140,200
753,52,2025-09-26,2025-09-26 14:17:28,300993.SZ,S,17.690,100
754,59,2025-09-26,2025-09-26 14:17:28,603667.SH,B,45.630,200
755,61,2025-09-26,2025-09-26 14:17:27,002373.SZ,S,11.020,500
756,59,2025-09-26,2025-09-26 14:17:27,002373.SZ,S,11.020,200
757,61,2025-09-26,2025-09-26 14:17:26,603667.SH,B,45.640,200
758,59,2025-09-26,2025-09-26 14:17:24,002146.SZ,S,1.610,3400
759,61,2025-09-26,2025-09-26 14:17:23,300493.SZ,B,22.450,300
760,61,2025-09-26,2025-09-26 14:17:23,002979.SZ,B,47.590,100
761,58,2025-09-26,2025-09-26 14:17:23,002373.SZ,S,11.020,200
762,58,2025-09-26,2025-09-26 14:17:17,601113.SH,B,4.290,100
763,61,2025-09-26,2025-09-26 14:17:17,000509.SZ,B,3.290,300
764,58,2025-09-26,2025-09-26 14:17:08,601658.SH,B,5.960,100
765,59,2025-09-26,2025-09-26 14:17:08,600210.SH,S,7.300,200
766,61,2025-09-26,2025-09-26 14:17:08,600210.SH,S,7.300,500
767,58,2025-09-26,2025-09-26 14:17:06,301270.SZ,B,37.120,100
768,58,2025-09-26,2025-09-26 14:17:03,300539.SZ,S,47.900,100
769,59,2025-09-26,2025-09-26 14:16:59,002046.SZ,S,27.950,100
770,61,2025-09-26,2025-09-26 14:16:59,002046.SZ,S,27.950,100
771,59,2025-09-26,2025-09-26 14:16:58,002169.SZ,S,8.040,600
772,61,2025-09-26,2025-09-26 14:16:55,002169.SZ,S,8.040,900
773,58,2025-09-26,2025-09-26 14:16:55,300049.SZ,S,75.780,100
774,58,2025-09-26,2025-09-26 14:16:54,000980.SZ,B,3.260,2300
775,58,2025-09-26,2025-09-26 14:16:54,000980.SZ,B,3.260,500
776,58,2025-09-26,2025-09-26 14:16:52,605056.SH,S,15.840,400
777,58,2025-09-26,2025-09-26 14:16:52,605056.SH,S,15.840,100
778,58,2025-09-26,2025-09-26 14:16:52,600489.SH,S,20.570,100
779,61,2025-09-26,2025-09-26 14:16:51,002392.SZ,S,9.430,1000
780,52,2025-09-26,2025-09-26 14:16:51,600489.SH,S,20.570,100
781,59,2025-09-26,2025-09-26 14:16:51,002392.SZ,S,9.430,400
782,58,2025-09-26,2025-09-26 14:16:50,300797.SZ,S,16.910,700
783,61,2025-09-26,2025-09-26 14:16:49,603151.SH,S,25.280,400
784,52,2025-09-26,2025-09-26 14:16:18,300126.SZ,B,9.280,200
785,52,2025-09-26,2025-09-26 14:16:49,300797.SZ,S,16.910,200
786,59,2025-09-26,2025-09-26 14:16:49,603151.SH,S,25.280,100
787,59,2025-09-26,2025-09-26 14:16:47,002026.SZ,S,13.820,500
788,61,2025-09-26,2025-09-26 14:16:45,603238.SH,S,19.740,200
789,59,2025-09-26,2025-09-26 14:16:45,603238.SH,S,19.740,100
790,61,2025-09-26,2025-09-26 14:16:45,002026.SZ,S,13.820,1000
791,61,2025-09-26,2025-09-26 14:16:44,300736.SZ,S,12.690,400
792,61,2025-09-26,2025-09-26 14:16:44,300121.SZ,S,15.680,300
793,52,2025-09-26,2025-09-26 14:16:42,002829.SZ,B,23.310,200
794,59,2025-09-26,2025-09-26 14:16:45,002026.SZ,S,13.820,100
795,59,2025-09-26,2025-09-26 14:16:44,300121.SZ,S,15.680,100
796,59,2025-09-26,2025-09-26 14:16:44,300736.SZ,S,12.690,100
797,58,2025-09-26,2025-09-26 14:16:43,002026.SZ,S,13.820,700
798,52,2025-09-26,2025-09-26 14:16:37,300736.SZ,S,12.690,100
799,61,2025-09-26,2025-09-26 14:16:43,300539.SZ,S,47.880,400
800,59,2025-09-26,2025-09-26 14:16:43,300539.SZ,S,47.900,100
801,58,2025-09-26,2025-09-26 14:16:43,300736.SZ,S,12.690,100
802,52,2025-09-26,2025-09-26 14:16:42,002026.SZ,S,13.820,500
803,61,2025-09-26,2025-09-26 14:16:41,300184.SZ,B,11.500,400
804,58,2025-09-26,2025-09-26 14:16:40,002313.SZ,B,10.750,100
805,58,2025-09-26,2025-09-26 14:16:40,300736.SZ,S,12.690,300
806,52,2025-09-26,2025-09-26 14:16:20,300658.SZ,S,8.320,100
807,58,2025-09-26,2025-09-26 14:16:28,000837.SZ,B,13.740,100
808,58,2025-09-26,2025-09-26 14:16:27,603238.SH,S,19.740,100
809,61,2025-09-26,2025-09-26 14:16:25,601975.SH,B,3.040,700
810,61,2025-09-26,2025-09-26 14:16:23,300049.SZ,S,75.810,100
811,61,2025-09-26,2025-09-26 14:16:23,688538.SH,B,2.910,888
812,61,2025-09-26,2025-09-26 14:16:22,603590.SH,S,52.690,100
813,52,2025-09-26,2025-09-26 14:16:18,002396.SZ,B,30.770,200
814,58,2025-09-26,2025-09-26 14:16:17,600239.SH,B,2.640,100
815,61,2025-09-26,2025-09-26 14:16:16,002303.SZ,B,4.500,100
816,61,2025-09-26,2025-09-26 14:16:16,001215.SZ,S,40.060,100
817,52,2025-09-26,2025-09-26 13:58:25,002426.SZ,B,3.550,1000
818,59,2025-09-26,2025-09-26 13:58:11,002232.SZ,B,21.180,200
819,52,2025-09-26,2025-09-26 13:58:10,002158.SZ,B,24.680,100
820,52,2025-09-26,2025-09-26 13:58:10,002158.SZ,B,24.680,100
821,58,2025-09-26,2025-09-26 13:58:10,603305.SH,B,18.360,100
822,58,2025-09-26,2025-09-26 13:58:04,002708.SZ,B,14.090,1000
823,58,2025-09-26,2025-09-26 13:58:02,300736.SZ,S,12.690,200
824,58,2025-09-26,2025-09-26 13:58:02,002396.SZ,B,30.790,200
825,58,2025-09-26,2025-09-26 13:58:02,300736.SZ,S,12.690,100
826,58,2025-09-26,2025-09-26 13:58:02,300736.SZ,S,12.690,100
827,58,2025-09-26,2025-09-26 13:58:01,000700.SZ,B,10.920,700
828,58,2025-09-26,2025-09-26 13:58:01,001211.SZ,B,26.420,200
829,58,2025-09-26,2025-09-26 13:58:01,001211.SZ,B,26.450,300
830,58,2025-09-26,2025-09-26 13:58:01,001211.SZ,B,26.450,100
831,58,2025-09-26,2025-09-26 13:58:01,001211.SZ,B,26.450,200
832,58,2025-09-26,2025-09-26 13:58:01,001211.SZ,B,26.440,400
833,58,2025-09-26,2025-09-26 13:58:01,001211.SZ,B,26.430,200
834,58,2025-09-26,2025-09-26 13:58:01,001211.SZ,B,26.430,400
835,58,2025-09-26,2025-09-26 13:58:01,001211.SZ,B,26.420,100
836,58,2025-09-26,2025-09-26 13:58:01,605056.SH,S,15.800,300
837,58,2025-09-26,2025-09-26 13:58:01,001211.SZ,B,26.420,100
838,58,2025-09-26,2025-09-26 13:58:01,000700.SZ,B,10.920,500
839,52,2025-09-26,2025-09-26 13:58:00,601818.SH,S,3.440,100
840,58,2025-09-26,2025-09-26 13:58:00,301270.SZ,S,36.780,200
841,58,2025-09-26,2025-09-26 13:58:00,300121.SZ,S,15.660,300
842,58,2025-09-26,2025-09-26 13:58:00,603166.SH,S,21.070,500
843,58,2025-09-26,2025-09-26 13:58:00,603166.SH,S,21.070,100
844,58,2025-09-26,2025-09-26 13:58:00,002158.SZ,B,24.690,200
845,58,2025-09-26,2025-09-26 13:58:00,002239.SZ,S,3.330,3200
846,58,2025-09-26,2025-09-26 13:58:00,002627.SZ,S,6.330,1700
847,58,2025-09-26,2025-09-26 13:58:00,002239.SZ,S,3.330,500
848,58,2025-09-26,2025-09-26 13:58:00,002239.SZ,S,3.330,7500
849,58,2025-09-26,2025-09-26 13:58:00,603192.SH,S,21.300,200
850,58,2025-09-26,2025-09-26 13:58:00,002169.SZ,S,8.060,600
851,58,2025-09-26,2025-09-26 13:58:00,002357.SZ,S,9.780,100
852,58,2025-09-26,2025-09-26 13:57:54,600577.SH,B,10.040,100
853,58,2025-09-26,2025-09-26 13:57:54,002174.SZ,B,11.430,500
854,58,2025-09-26,2025-09-26 13:57:54,600577.SH,B,10.040,200
855,52,2025-09-26,2025-09-26 13:57:44,600010.SH,S,2.300,100
856,58,2025-09-26,2025-09-26 13:57:44,600684.SH,S,5.930,600
857,58,2025-09-26,2025-09-26 13:57:44,600684.SH,S,5.930,1000
858,52,2025-09-26,2025-09-26 13:52:10,600684.SH,S,5.930,600
859,52,2025-09-26,2025-09-26 13:57:43,002239.SZ,S,3.330,3700
860,61,2025-09-26,2025-09-26 13:57:16,000700.SZ,B,10.920,300
861,52,2025-09-26,2025-09-26 13:55:04,002708.SZ,B,14.110,400
862,61,2025-09-26,2025-09-26 13:56:55,002153.SZ,B,10.660,200
863,61,2025-09-26,2025-09-26 13:56:55,002153.SZ,B,10.660,100
864,61,2025-09-26,2025-09-26 13:56:55,002153.SZ,B,10.660,100
865,61,2025-09-26,2025-09-26 13:56:54,300736.SZ,S,12.690,700
866,61,2025-09-26,2025-09-26 13:56:42,002624.SZ,B,19.370,200
867,52,2025-09-26,2025-09-26 13:56:34,002627.SZ,S,6.340,600
868,61,2025-09-26,2025-09-26 13:56:27,002396.SZ,B,30.810,100
869,61,2025-09-26,2025-09-26 13:56:24,603166.SH,S,21.110,200
870,61,2025-09-26,2025-09-26 13:55:57,600096.SH,S,26.070,100
871,59,2025-09-26,2025-09-26 13:55:38,002426.SZ,B,3.550,7300
872,59,2025-09-26,2025-09-26 13:55:38,002426.SZ,B,3.550,1600
873,61,2025-09-26,2025-09-26 13:55:38,002426.SZ,B,3.550,10700
874,61,2025-09-26,2025-09-26 13:55:38,002426.SZ,B,3.550,9700
875,52,2025-09-26,2025-09-26 13:47:04,002426.SZ,B,3.550,900
876,52,2025-09-26,2025-09-26 13:55:05,002158.SZ,B,24.755,200
877,52,2025-09-26,2025-09-26 13:55:04,000700.SZ,B,10.930,400
878,61,2025-09-26,2025-09-26 13:54:49,600577.SH,B,10.070,300
879,58,2025-09-26,2025-09-26 13:54:42,002436.SZ,B,22.600,39
880,58,2025-09-26,2025-09-26 13:54:39,002436.SZ,B,22.600,61
881,61,2025-09-26,2025-09-26 13:54:10,002384.SZ,B,69.750,100
882,61,2025-09-26,2025-09-26 13:54:07,600684.SH,S,5.910,600
883,61,2025-09-26,2025-09-26 13:54:07,600684.SH,S,5.910,600
884,61,2025-09-26,2025-09-26 13:54:07,600684.SH,S,5.910,100
885,61,2025-09-26,2025-09-26 13:54:07,600684.SH,S,5.910,200
886,61,2025-09-26,2025-09-26 13:54:07,600684.SH,S,5.910,100
887,61,2025-09-26,2025-09-26 13:54:07,600684.SH,S,5.910,100
888,59,2025-09-26,2025-09-26 13:54:07,600684.SH,S,5.910,700
889,61,2025-09-26,2025-09-26 13:53:55,002579.SZ,B,12.090,300
890,61,2025-09-26,2025-09-26 13:53:48,300364.SZ,B,27.220,300
891,59,2025-09-26,2025-09-26 13:53:43,688321.SH,B,30.940,386
892,61,2025-09-26,2025-09-26 13:53:36,002627.SZ,S,6.350,2000
893,61,2025-09-26,2025-09-26 13:53:36,603009.SH,B,56.110,200
894,59,2025-09-26,2025-09-26 13:53:33,300736.SZ,S,12.690,500
895,59,2025-09-26,2025-09-26 13:53:32,002627.SZ,S,6.350,800
896,61,2025-09-26,2025-09-26 13:53:16,605056.SH,S,15.840,800
897,59,2025-09-26,2025-09-26 13:53:16,605056.SH,S,15.840,300
898,61,2025-09-26,2025-09-26 13:53:16,002169.SZ,S,8.080,500
899,61,2025-09-26,2025-09-26 13:53:09,600986.SH,B,8.270,100
900,61,2025-09-26,2025-09-26 13:53:09,600986.SH,B,8.270,400
901,52,2025-09-26,2025-09-26 13:53:04,603166.SH,S,21.100,200
902,52,2025-09-26,2025-09-26 13:53:03,601669.SH,S,5.530,100
903,52,2025-09-26,2025-09-26 13:53:02,600025.SH,B,9.520,100
904,52,2025-09-26,2025-09-26 13:53:02,600025.SH,B,9.520,100
905,52,2025-09-26,2025-09-26 13:53:02,600025.SH,B,9.520,200
906,58,2025-09-26,2025-09-26 13:53:02,300565.SZ,B,12.750,100
907,61,2025-09-26,2025-09-26 13:53:01,600986.SH,B,8.270,800
908,59,2025-09-26,2025-09-26 13:53:01,600986.SH,B,8.270,500
909,59,2025-09-26,2025-09-26 13:53:01,600986.SH,B,8.270,200
910,61,2025-09-26,2025-09-26 13:52:59,603166.SH,S,21.110,300
911,61,2025-09-26,2025-09-26 13:52:50,002384.SZ,B,69.960,200
912,52,2025-09-26,2025-09-26 13:52:50,688538.SH,S,2.920,200
913,61,2025-09-26,2025-09-26 13:52:49,300736.SZ,S,12.690,300
914,61,2025-09-26,2025-09-26 13:52:47,300121.SZ,S,15.750,200
915,61,2025-09-26,2025-09-26 13:52:46,301270.SZ,S,36.830,200
916,52,2025-09-26,2025-09-26 13:52:46,300121.SZ,S,15.750,100
917,61,2025-09-26,2025-09-26 13:52:45,002436.SZ,B,22.610,300
918,58,2025-09-26,2025-09-26 13:52:45,000009.SZ,B,11.750,500
919,61,2025-09-26,2025-09-26 13:52:42,300736.SZ,S,12.690,100
920,61,2025-09-26,2025-09-26 13:52:40,603201.SH,S,19.550,200
921,58,2025-09-26,2025-09-26 13:52:36,603201.SH,S,19.550,200
922,52,2025-09-26,2025-09-26 13:52:25,600050.SH,S,5.440,100
923,61,2025-09-26,2025-09-26 13:52:26,002396.SZ,B,30.930,700
924,58,2025-09-26,2025-09-26 13:52:13,002169.SZ,S,8.090,700
925,59,2025-09-26,2025-09-26 13:52:13,301270.SZ,S,36.870,100
926,52,2025-09-26,2025-09-26 13:52:12,002169.SZ,S,8.090,400
927,61,2025-09-26,2025-09-26 13:52:10,002239.SZ,S,3.340,2700
928,61,2025-09-26,2025-09-26 13:52:10,002239.SZ,S,3.340,20000
929,61,2025-09-26,2025-09-26 13:52:10,002239.SZ,S,3.340,1000
930,61,2025-09-26,2025-09-26 13:52:10,002239.SZ,S,3.340,100
931,59,2025-09-26,2025-09-26 13:52:10,002239.SZ,S,3.340,8200
932,59,2025-09-26,2025-09-26 13:52:10,002239.SZ,S,3.340,1300
933,59,2025-09-26,2025-09-26 13:52:02,002396.SZ,B,30.960,100
934,52,2025-09-26,2025-09-26 13:51:10,605056.SH,S,15.850,300
935,58,2025-09-26,2025-09-26 13:51:54,600577.SH,B,10.090,500
936,59,2025-09-26,2025-09-26 13:51:51,002396.SZ,B,30.960,100
937,52,2025-09-26,2025-09-26 13:51:36,000750.SZ,S,4.470,100
938,52,2025-09-26,2025-09-26 13:51:32,300736.SZ,S,12.690,200
939,52,2025-09-26,2025-09-26 13:50:11,600011.SH,S,7.170,100
940,58,2025-09-26,2025-09-26 13:51:27,002174.SZ,B,11.480,1200
941,58,2025-09-26,2025-09-26 13:51:21,002829.SZ,B,23.420,200
942,52,2025-09-26,2025-09-26 13:51:13,603201.SH,S,19.570,100
943,59,2025-09-26,2025-09-26 13:51:10,000700.SZ,B,10.940,500
944,58,2025-09-26,2025-09-26 13:51:10,002624.SZ,B,19.440,100
945,58,2025-09-26,2025-09-26 13:51:09,002624.SZ,B,19.440,100
946,59,2025-09-26,2025-09-26 13:51:09,000700.SZ,B,10.940,400
947,58,2025-09-26,2025-09-26 13:51:08,002396.SZ,B,30.980,100
948,58,2025-09-26,2025-09-26 13:51:07,300354.SZ,B,50.240,100
949,58,2025-09-26,2025-09-26 13:51:07,300354.SZ,B,50.240,300
950,52,2025-09-26,2025-09-26 13:49:40,002426.SZ,B,3.560,900
951,52,2025-09-26,2025-09-26 13:49:22,002426.SZ,B,3.560,900
952,61,2025-09-26,2025-09-26 13:51:03,000700.SZ,B,10.940,400
953,61,2025-09-26,2025-09-26 13:51:03,000700.SZ,B,10.940,100
954,61,2025-09-26,2025-09-26 13:51:03,000700.SZ,B,10.940,100
955,61,2025-09-26,2025-09-26 13:51:03,000700.SZ,B,10.940,100
956,61,2025-09-26,2025-09-26 13:51:03,000700.SZ,B,10.940,200
957,61,2025-09-26,2025-09-26 13:51:03,000700.SZ,B,10.940,300
958,61,2025-09-26,2025-09-26 13:51:03,000700.SZ,B,10.940,100
959,52,2025-09-26,2025-09-26 13:50:52,000045.SZ,S,12.440,100
960,58,2025-09-26,2025-09-26 13:50:55,002239.SZ,S,3.340,1100
961,58,2025-09-26,2025-09-26 13:50:55,002239.SZ,S,3.340,1800
962,58,2025-09-26,2025-09-26 13:50:55,002239.SZ,S,3.340,100
963,58,2025-09-26,2025-09-26 13:50:55,002239.SZ,S,3.340,300
964,58,2025-09-26,2025-09-26 13:50:55,002239.SZ,S,3.340,2200
965,58,2025-09-26,2025-09-26 13:50:55,002239.SZ,S,3.340,300
966,58,2025-09-26,2025-09-26 13:50:55,002239.SZ,S,3.340,200
967,58,2025-09-26,2025-09-26 13:50:55,002239.SZ,S,3.340,1400
968,58,2025-09-26,2025-09-26 13:50:55,002239.SZ,S,3.340,300
969,58,2025-09-26,2025-09-26 13:50:55,002239.SZ,S,3.340,1600
970,58,2025-09-26,2025-09-26 13:50:55,002239.SZ,S,3.340,100
971,58,2025-09-26,2025-09-26 13:50:55,002239.SZ,S,3.340,200
972,58,2025-09-26,2025-09-26 13:50:55,002239.SZ,S,3.340,100
973,58,2025-09-26,2025-09-26 13:50:55,002239.SZ,S,3.340,100
974,52,2025-09-26,2025-09-26 13:50:32,002239.SZ,S,3.340,3200
975,52,2025-09-26,2025-09-26 13:50:32,002239.SZ,S,3.340,100
976,61,2025-09-26,2025-09-26 13:50:51,603192.SH,S,21.370,100
977,59,2025-09-26,2025-09-26 13:50:51,603192.SH,S,21.370,100
978,58,2025-09-26,2025-09-26 13:50:45,605056.SH,S,15.870,500
979,61,2025-09-26,2025-09-26 13:50:38,300121.SZ,S,15.790,200
980,59,2025-09-26,2025-09-26 13:50:35,300121.SZ,S,15.790,200
981,61,2025-09-26,2025-09-26 13:50:33,603166.SH,S,21.160,200
982,59,2025-09-26,2025-09-26 13:50:33,603166.SH,S,21.160,300
983,59,2025-09-26,2025-09-26 13:50:27,603201.SH,S,19.560,200
984,61,2025-09-26,2025-09-26 13:50:27,603201.SH,S,19.560,300
985,58,2025-09-26,2025-09-26 13:50:27,603201.SH,S,19.560,100
986,61,2025-09-26,2025-09-26 13:50:15,600732.SH,B,15.620,300
987,61,2025-09-26,2025-09-26 13:50:14,600732.SH,B,15.620,100
988,58,2025-09-26,2025-09-26 13:50:11,002809.SZ,B,11.370,100
989,58,2025-09-26,2025-09-26 13:50:08,603201.SH,S,19.560,200
990,61,2025-09-26,2025-09-26 13:49:46,002392.SZ,S,9.440,100
991,59,2025-09-26,2025-09-26 13:49:41,600732.SH,B,15.630,100
992,59,2025-09-26,2025-09-26 13:49:41,600732.SH,B,15.630,100
993,59,2025-09-26,2025-09-26 13:49:26,688321.SH,B,31.030,200
994,61,2025-09-26,2025-09-26 13:49:22,600577.SH,B,10.090,400
995,61,2025-09-26,2025-09-26 13:49:21,300539.SZ,S,47.810,200
996,58,2025-09-26,2025-09-26 13:49:21,603758.SH,B,16.620,200
997,59,2025-09-26,2025-09-26 13:49:21,300539.SZ,S,47.810,100
998,52,2025-09-26,2025-09-26 13:49:20,300554.SZ,S,26.260,100
999,58,2025-09-26,2025-09-26 13:49:20,300554.SZ,S,26.260,100
1000,58,2025-09-26,2025-09-26 13:49:03,300736.SZ,S,12.710,300
1001,58,2025-09-26,2025-09-26 13:49:03,300736.SZ,S,12.710,100
1002,58,2025-09-26,2025-09-26 13:49:01,300736.SZ,S,12.710,100
1003,58,2025-09-26,2025-09-26 13:48:45,002232.SZ,B,21.220,200
1004,59,2025-09-26,2025-09-26 13:48:40,002174.SZ,S,11.470,200
1005,61,2025-09-26,2025-09-26 13:48:35,603031.SH,S,44.270,100
1006,58,2025-09-26,2025-09-26 13:48:29,000045.SZ,B,12.430,100
1007,59,2025-09-26,2025-09-26 13:48:18,603626.SH,B,13.810,200
1008,58,2025-09-26,2025-09-26 13:48:11,600933.SH,S,23.060,100
1009,58,2025-09-26,2025-09-26 13:48:10,603238.SH,S,19.810,100
1010,61,2025-09-26,2025-09-26 13:48:09,603238.SH,S,19.810,100
1011,58,2025-09-26,2025-09-26 13:48:04,300258.SZ,B,15.700,500
1012,52,2025-09-26,2025-09-26 13:47:24,000659.SZ,S,2.840,100
1013,59,2025-09-26,2025-09-26 13:48:01,002708.SZ,S,14.180,100
1014,58,2025-09-26,2025-09-26 13:47:45,300158.SZ,B,6.610,300
1015,58,2025-09-26,2025-09-26 13:47:42,300539.SZ,S,47.800,200
1016,61,2025-09-26,2025-09-26 13:47:41,300158.SZ,B,6.610,500
1017,52,2025-09-26,2025-09-26 13:47:41,300539.SZ,S,47.800,100
1018,59,2025-09-26,2025-09-26 13:47:19,002169.SZ,S,8.080,300
1019,59,2025-09-26,2025-09-26 13:47:18,002169.SZ,S,8.080,100
1020,59,2025-09-26,2025-09-26 13:47:17,002169.SZ,S,8.080,100
1021,61,2025-09-26,2025-09-26 13:47:16,002169.SZ,S,8.080,900
1022,59,2025-09-26,2025-09-26 13:47:16,002169.SZ,S,8.080,100
1023,61,2025-09-26,2025-09-26 13:46:59,600866.SH,S,7.470,100
1024,58,2025-09-26,2025-09-26 13:46:44,300364.SZ,B,27.250,200
1025,58,2025-09-26,2025-09-26 13:46:40,000813.SZ,S,4.410,1300
1026,52,2025-09-26,2025-09-26 13:46:34,000813.SZ,S,4.410,300
1027,52,2025-09-26,2025-09-26 13:46:19,300258.SZ,B,15.690,300
1028,52,2025-09-26,2025-09-26 13:46:19,300258.SZ,B,15.690,100
1029,52,2025-09-26,2025-09-26 13:46:19,600208.SH,S,4.360,100
1030,61,2025-09-26,2025-09-26 13:46:19,300491.SZ,B,30.820,300
1031,58,2025-09-26,2025-09-26 13:46:17,603063.SH,B,34.040,100
1032,58,2025-09-26,2025-09-26 13:46:16,001267.SZ,S,17.830,100
1033,61,2025-09-26,2025-09-26 13:46:15,001267.SZ,S,17.830,200
1034,61,2025-09-26,2025-09-26 13:46:13,000813.SZ,S,4.420,900
1035,61,2025-09-26,2025-09-26 13:46:13,000813.SZ,S,4.420,100
1036,61,2025-09-26,2025-09-26 13:46:13,000813.SZ,S,4.420,100
1037,61,2025-09-26,2025-09-26 13:46:13,000813.SZ,S,4.420,100
1038,59,2025-09-26,2025-09-26 13:46:13,000813.SZ,S,4.420,400
1039,59,2025-09-26,2025-09-26 13:46:13,000813.SZ,S,4.420,200
1040,61,2025-09-26,2025-09-26 13:43:41,603031.SH,B,44.390,100
1041,61,2025-09-26,2025-09-26 13:43:16,002830.SZ,S,16.630,100
1042,61,2025-09-26,2025-09-26 13:43:16,002830.SZ,S,16.630,200
1043,58,2025-09-26,2025-09-26 13:43:14,002239.SZ,S,3.330,100
1044,58,2025-09-26,2025-09-26 13:43:01,002830.SZ,S,16.620,400
1045,58,2025-09-26,2025-09-26 13:43:01,002158.SZ,B,24.710,300
1046,52,2025-09-26,2025-09-26 13:43:00,002830.SZ,S,16.620,100
1047,52,2025-09-26,2025-09-26 13:42:47,002579.SZ,B,12.100,700
1048,52,2025-09-26,2025-09-26 13:42:46,002501.SZ,B,2.570,2400
1049,58,2025-09-26,2025-09-26 13:41:52,002929.SZ,B,50.220,100
1050,61,2025-09-26,2025-09-26 13:41:25,002232.SZ,B,21.190,800
1051,58,2025-09-26,2025-09-26 13:41:18,002501.SZ,B,2.560,1000
1052,58,2025-09-26,2025-09-26 13:41:18,002501.SZ,B,2.560,600
1053,58,2025-09-26,2025-09-26 13:41:10,603703.SH,B,11.170,300
1054,58,2025-09-26,2025-09-26 13:40:36,002627.SZ,S,6.360,700
1055,52,2025-09-26,2025-09-26 13:40:27,002627.SZ,S,6.360,200
1056,61,2025-09-26,2025-09-26 13:40:14,603031.SH,B,44.200,300
1057,59,2025-09-26,2025-09-26 13:40:15,603031.SH,B,44.200,200
1058,61,2025-09-26,2025-09-26 13:39:55,000009.SZ,B,11.750,1600
1059,61,2025-09-26,2025-09-26 13:39:46,301133.SZ,S,30.830,300
1060,59,2025-09-26,2025-09-26 13:39:46,301133.SZ,S,30.830,100
1061,58,2025-09-26,2025-09-26 13:39:45,301133.SZ,S,30.830,200
1062,61,2025-09-26,2025-09-26 13:39:37,002796.SZ,S,18.500,600
1063,59,2025-09-26,2025-09-26 13:39:37,002796.SZ,S,18.500,200
1064,59,2025-09-26,2025-09-26 13:39:35,600864.SH,S,7.190,100
1065,58,2025-09-26,2025-09-26 13:39:27,300652.SZ,B,58.080,100
1066,52,2025-09-26,2025-09-26 13:38:54,603192.SH,S,21.350,100
1067,58,2025-09-26,2025-09-26 13:38:52,002357.SZ,S,9.900,300
1068,52,2025-09-26,2025-09-26 13:32:18,002357.SZ,S,9.900,100
1069,61,2025-09-26,2025-09-26 13:38:45,002036.SZ,B,11.490,100
1070,58,2025-09-26,2025-09-26 13:38:41,000700.SZ,B,10.980,100
1071,58,2025-09-26,2025-09-26 13:38:25,601658.SH,S,5.970,100
1072,58,2025-09-26,2025-09-26 13:38:19,002796.SZ,S,18.540,100
1073,59,2025-09-26,2025-09-26 13:38:14,002174.SZ,B,11.460,100
1074,59,2025-09-26,2025-09-26 13:38:14,002174.SZ,B,11.460,100
1075,59,2025-09-26,2025-09-26 13:38:14,002174.SZ,B,11.460,300
1076,58,2025-09-26,2025-09-26 13:38:09,002796.SZ,S,18.540,100
1077,61,2025-09-26,2025-09-26 13:38:02,002501.SZ,B,2.570,800
1078,58,2025-09-26,2025-09-26 13:37:57,603703.SH,B,11.190,300
1079,59,2025-09-26,2025-09-26 13:37:53,002627.SZ,S,6.380,300
1080,58,2025-09-26,2025-09-26 13:37:53,000813.SZ,S,4.350,900
1081,52,2025-09-26,2025-09-26 13:34:03,000813.SZ,S,4.350,300
1082,52,2025-09-26,2025-09-26 13:37:47,601398.SH,S,7.390,100
1083,52,2025-09-26,2025-09-26 13:31:18,600503.SH,S,3.290,100
1084,59,2025-09-26,2025-09-26 13:37:38,002357.SZ,S,9.890,200
1085,61,2025-09-26,2025-09-26 13:37:38,002357.SZ,S,9.890,400
1086,59,2025-09-26,2025-09-26 13:37:38,002809.SZ,S,11.360,100
1087,59,2025-09-26,2025-09-26 13:37:37,002809.SZ,S,11.360,100
1088,59,2025-09-26,2025-09-26 13:37:37,300565.SZ,S,12.820,200
1089,61,2025-09-26,2025-09-26 13:37:37,300565.SZ,S,12.820,600
1090,61,2025-09-26,2025-09-26 13:37:37,002809.SZ,S,11.360,100
1091,58,2025-09-26,2025-09-26 13:37:37,003038.SZ,B,17.130,200
1092,61,2025-09-26,2025-09-26 13:37:36,002809.SZ,S,11.360,100
1093,58,2025-09-26,2025-09-26 13:37:33,002858.SZ,S,15.100,100
1094,58,2025-09-26,2025-09-26 13:37:22,600577.SH,B,10.090,500
1095,61,2025-09-26,2025-09-26 13:37:17,002929.SZ,B,50.230,500
1096,59,2025-09-26,2025-09-26 13:37:13,002579.SZ,B,12.100,600
1097,61,2025-09-26,2025-09-26 13:37:08,002579.SZ,B,12.090,500
1098,52,2025-09-26,2025-09-26 13:37:01,002579.SZ,B,12.090,1700
1099,61,2025-09-26,2025-09-26 13:36:57,603626.SH,S,13.860,200
1100,59,2025-09-26,2025-09-26 13:36:54,002830.SZ,S,16.690,200
1101,58,2025-09-26,2025-09-26 13:36:54,002830.SZ,S,16.690,200
1102,61,2025-09-26,2025-09-26 13:36:52,002627.SZ,S,6.380,100
1103,61,2025-09-26,2025-09-26 13:36:52,002627.SZ,S,6.380,100
1104,61,2025-09-26,2025-09-26 13:36:48,002627.SZ,S,6.380,100
1105,58,2025-09-26,2025-09-26 13:36:44,603758.SH,B,16.530,300
1106,58,2025-09-26,2025-09-26 13:36:40,000009.SZ,B,11.750,500
1107,61,2025-09-26,2025-09-26 13:36:40,002627.SZ,S,6.380,100
1108,61,2025-09-26,2025-09-26 13:36:39,002627.SZ,S,6.380,300
1109,58,2025-09-26,2025-09-26 13:36:35,301133.SZ,S,30.920,100
1110,61,2025-09-26,2025-09-26 13:36:35,603031.SH,B,44.150,100
1111,52,2025-09-26,2025-09-26 13:36:34,600210.SH,S,7.280,100
1112,52,2025-09-26,2025-09-26 13:36:34,301133.SZ,S,30.920,100
1113,58,2025-09-26,2025-09-26 13:36:22,002169.SZ,S,8.070,700
1114,52,2025-09-26,2025-09-26 13:36:22,002169.SZ,S,8.070,700
1115,61,2025-09-26,2025-09-26 13:36:20,002579.SZ,B,12.100,400
1116,61,2025-09-26,2025-09-26 13:36:19,600933.SH,S,23.120,200
1117,61,2025-09-26,2025-09-26 13:36:17,300652.SZ,B,58.100,100
1118,58,2025-09-26,2025-09-26 13:36:14,000045.SZ,S,12.450,300
1119,52,2025-09-26,2025-09-26 13:35:51,000045.SZ,S,12.450,100
1120,61,2025-09-26,2025-09-26 13:36:07,603192.SH,S,21.350,100
1121,61,2025-09-26,2025-09-26 13:36:01,600577.SH,B,10.100,100
1122,58,2025-09-26,2025-09-26 13:35:50,002491.SZ,S,5.390,100
1123,61,2025-09-26,2025-09-26 13:35:35,002809.SZ,S,11.360,100
1124,59,2025-09-26,2025-09-26 13:35:28,003038.SZ,B,17.140,200
1125,58,2025-09-26,2025-09-26 13:35:26,300491.SZ,B,30.980,100
1126,61,2025-09-26,2025-09-26 13:35:24,002842.SZ,S,10.560,100
1127,58,2025-09-26,2025-09-26 13:35:14,000837.SZ,S,13.790,100
1128,58,2025-09-26,2025-09-26 13:35:11,300774.SZ,B,11.950,300
1129,61,2025-09-26,2025-09-26 13:35:10,002809.SZ,S,11.360,100
1130,52,2025-09-26,2025-09-26 13:31:54,002809.SZ,S,11.360,100
1131,58,2025-09-26,2025-09-26 13:35:10,002809.SZ,S,11.360,400
1132,59,2025-09-26,2025-09-26 13:35:04,000953.SZ,S,7.260,400
1133,61,2025-09-26,2025-09-26 13:35:04,000953.SZ,S,7.260,800
1134,61,2025-09-26,2025-09-26 13:35:02,603920.SH,S,44.150,100
1135,61,2025-09-26,2025-09-26 13:34:55,603031.SH,B,44.210,100
1136,58,2025-09-26,2025-09-26 13:34:50,600595.SH,S,5.110,100
1137,61,2025-09-26,2025-09-26 13:34:37,605303.SH,S,16.430,200
1138,61,2025-09-26,2025-09-26 13:34:35,002830.SZ,S,16.750,400
1139,52,2025-09-26,2025-09-26 13:34:35,605303.SH,S,16.420,100
1140,61,2025-09-26,2025-09-26 13:34:34,603009.SH,B,56.280,500
1141,59,2025-09-26,2025-09-26 13:34:32,605303.SH,S,16.430,100
1142,58,2025-09-26,2025-09-26 13:34:22,603039.SH,B,56.080,100
1143,58,2025-09-26,2025-09-26 13:34:20,000063.SZ,S,45.850,100
1144,58,2025-09-26,2025-09-26 13:34:11,603306.SH,B,50.570,100
1145,58,2025-09-26,2025-09-26 13:34:09,301321.SZ,S,17.380,100
1146,58,2025-09-26,2025-09-26 13:34:10,002396.SZ,B,31.000,100
1147,58,2025-09-26,2025-09-26 13:34:08,300565.SZ,S,12.830,600
1148,52,2025-09-26,2025-09-26 13:34:01,300565.SZ,S,12.830,100
1149,58,2025-09-26,2025-09-26 13:34:07,002842.SZ,S,10.560,100
1150,52,2025-09-26,2025-09-26 13:34:07,601012.SH,S,17.560,300
1151,61,2025-09-26,2025-09-26 13:33:39,000063.SZ,S,45.930,100
1152,58,2025-09-26,2025-09-26 13:33:25,002036.SZ,B,11.500,100
1153,61,2025-09-26,2025-09-26 13:33:07,603039.SH,B,56.080,100
1154,61,2025-09-26,2025-09-26 13:33:07,000045.SZ,S,12.460,100
1155,59,2025-09-26,2025-09-26 13:33:06,000045.SZ,S,12.460,100
1156,61,2025-09-26,2025-09-26 13:33:06,000045.SZ,S,12.460,200
1157,58,2025-09-26,2025-09-26 13:33:03,002232.SZ,B,21.210,200
1158,52,2025-09-26,2025-09-26 13:32:12,002676.SZ,S,10.050,100
1159,59,2025-09-26,2025-09-26 13:32:35,002708.SZ,B,14.140,500
1160,59,2025-09-26,2025-09-26 13:32:33,000813.SZ,S,4.330,400
1161,61,2025-09-26,2025-09-26 13:32:33,000813.SZ,S,4.330,1000
1162,61,2025-09-26,2025-09-26 13:32:32,000922.SZ,S,12.060,100
1163,61,2025-09-26,2025-09-26 13:32:30,002434.SZ,S,9.890,200
1164,59,2025-09-26,2025-09-26 13:32:24,002169.SZ,S,8.060,300
1165,61,2025-09-26,2025-09-26 13:32:24,002169.SZ,S,8.060,800
1166,61,2025-09-26,2025-09-26 13:32:17,002708.SZ,B,14.140,600
1167,61,2025-09-26,2025-09-26 13:32:12,603758.SH,S,16.570,300
1168,58,2025-09-26,2025-09-26 13:32:12,600367.SH,S,16.650,100
1169,52,2025-09-26,2025-09-26 13:32:12,600367.SH,S,16.650,100
1170,61,2025-09-26,2025-09-26 13:32:08,600367.SH,S,16.650,100
1171,59,2025-09-26,2025-09-26 13:32:08,600367.SH,S,16.650,100
1172,58,2025-09-26,2025-09-26 13:32:03,600933.SH,B,23.110,100
1173,61,2025-09-26,2025-09-26 13:31:50,300077.SZ,S,25.370,200
1174,58,2025-09-26,2025-09-26 13:31:36,002796.SZ,S,18.670,300
1175,52,2025-09-26,2025-09-26 13:31:36,002796.SZ,S,18.670,100
1176,58,2025-09-26,2025-09-26 13:31:35,603031.SH,B,44.270,200
1177,58,2025-09-26,2025-09-26 13:31:32,300077.SZ,S,25.340,100
1178,58,2025-09-26,2025-09-26 13:31:32,000953.SZ,S,7.250,700
1179,61,2025-09-26,2025-09-26 13:31:31,002384.SZ,B,70.790,100
1180,52,2025-09-26,2025-09-26 13:31:23,000953.SZ,S,7.250,200
1181,58,2025-09-26,2025-09-26 13:31:21,605303.SH,S,16.490,200
1182,61,2025-09-26,2025-09-26 13:31:21,002371.SZ,S,457.740,100
1183,59,2025-09-26,2025-09-26 13:31:19,002617.SZ,S,9.700,100
1184,61,2025-09-26,2025-09-26 13:31:19,603236.SH,B,102.820,100
1185,58,2025-09-26,2025-09-26 13:31:18,603088.SH,S,11.440,100
1186,52,2025-09-26,2025-09-26 13:28:30,600157.SH,S,1.610,100
1187,61,2025-09-26,2025-09-26 13:28:20,000045.SZ,S,12.460,200
1188,61,2025-09-26,2025-09-26 13:28:20,000045.SZ,S,12.460,200
1189,58,2025-09-26,2025-09-26 13:28:12,600933.SH,B,23.160,200
1190,58,2025-09-26,2025-09-26 13:28:09,301197.SZ,S,19.640,200
1191,61,2025-09-26,2025-09-26 13:28:08,300371.SZ,S,13.280,500
1192,59,2025-09-26,2025-09-26 13:28:08,300371.SZ,S,13.280,200
1193,58,2025-09-26,2025-09-26 13:28:06,002662.SZ,S,3.940,100
1194,58,2025-09-26,2025-09-26 13:28:00,000045.SZ,S,12.460,100
1195,58,2025-09-26,2025-09-26 13:28:00,000045.SZ,S,12.460,100
1196,58,2025-09-26,2025-09-26 13:28:00,000045.SZ,S,12.460,100
1197,58,2025-09-26,2025-09-26 13:28:00,000045.SZ,S,12.460,100
1198,58,2025-09-26,2025-09-26 13:28:00,000045.SZ,S,12.460,100
1199,58,2025-09-26,2025-09-26 13:28:00,000045.SZ,S,12.460,100
1200,58,2025-09-26,2025-09-26 13:28:00,000045.SZ,S,12.460,100
1201,58,2025-09-26,2025-09-26 13:28:01,002153.SZ,B,10.700,1200
1202,58,2025-09-26,2025-09-26 13:28:00,000045.SZ,S,12.460,100
1203,58,2025-09-26,2025-09-26 13:28:00,000045.SZ,S,12.460,100
1204,58,2025-09-26,2025-09-26 13:28:00,000045.SZ,S,12.460,100
1205,61,2025-09-26,2025-09-26 13:27:46,603920.SH,B,44.290,100
1206,52,2025-09-26,2025-09-26 13:27:45,601012.SH,B,17.580,200
1207,52,2025-09-26,2025-09-26 13:24:11,300243.SZ,S,10.650,100
1208,61,2025-09-26,2025-09-26 13:27:06,301197.SZ,S,19.680,300
1209,61,2025-09-26,2025-09-26 13:27:00,002153.SZ,B,10.720,300
1210,61,2025-09-26,2025-09-26 13:27:00,002153.SZ,B,10.720,100
1211,58,2025-09-26,2025-09-26 13:26:24,002269.SZ,S,2.380,100
1212,52,2025-09-26,2025-09-26 13:22:05,600337.SH,S,2.270,100
1213,58,2025-09-26,2025-09-26 13:26:06,003038.SZ,B,17.150,160
1214,58,2025-09-26,2025-09-26 13:26:06,003038.SZ,B,17.150,40
1215,52,2025-09-26,2025-09-26 13:26:00,002153.SZ,B,10.730,600
1216,61,2025-09-26,2025-09-26 13:25:59,603758.SH,B,16.590,300
1217,59,2025-09-26,2025-09-26 13:25:59,002232.SZ,B,21.260,100
1218,52,2025-09-26,2025-09-26 13:25:57,002153.SZ,B,10.730,200
1219,52,2025-09-26,2025-09-26 13:25:57,002153.SZ,B,10.730,500
1220,52,2025-09-26,2025-09-26 13:25:56,002153.SZ,B,10.730,1100
1221,58,2025-09-26,2025-09-26 13:25:49,002501.SZ,B,2.550,100
1222,58,2025-09-26,2025-09-26 13:25:40,300774.SZ,B,11.610,400
1223,61,2025-09-26,2025-09-26 13:25:27,002153.SZ,B,10.730,300
1224,61,2025-09-26,2025-09-26 13:25:10,603758.SH,B,16.580,200
1225,61,2025-09-26,2025-09-26 13:25:05,600330.SH,B,10.970,1300
1226,59,2025-09-26,2025-09-26 13:25:05,600684.SH,S,5.900,100
1227,61,2025-09-26,2025-09-26 13:25:02,600684.SH,S,5.900,700
1228,59,2025-09-26,2025-09-26 13:25:02,600684.SH,S,5.900,100
1229,61,2025-09-26,2025-09-26 13:25:01,300536.SZ,S,8.710,100
1230,58,2025-09-26,2025-09-26 13:24:46,605118.SH,S,29.470,100
1231,61,2025-09-26,2025-09-26 13:24:47,002434.SZ,B,9.880,500
1232,61,2025-09-26,2025-09-26 13:24:47,002645.SZ,S,14.810,100
1233,61,2025-09-26,2025-09-26 13:24:46,300243.SZ,S,10.640,300
1234,59,2025-09-26,2025-09-26 13:24:46,300243.SZ,S,10.640,100
1235,61,2025-09-26,2025-09-26 13:24:26,600331.SH,S,10.090,200
1236,61,2025-09-26,2025-09-26 13:24:21,003038.SZ,B,17.150,200
1237,61,2025-09-26,2025-09-26 13:24:21,003038.SZ,B,17.150,300
1238,52,2025-09-26,2025-09-26 13:22:58,300371.SZ,S,13.290,100
1239,59,2025-09-26,2025-09-26 13:24:20,002174.SZ,B,11.470,500
1240,52,2025-09-26,2025-09-26 13:24:14,300232.SZ,S,7.940,100
1241,52,2025-09-26,2025-09-26 13:24:11,301270.SZ,S,37.040,100
1242,58,2025-09-26,2025-09-26 13:24:07,300371.SZ,S,13.280,200
1243,58,2025-09-26,2025-09-26 13:24:00,603703.SH,B,11.230,300
1244,59,2025-09-26,2025-09-26 13:23:44,600880.SH,S,4.890,100
1245,58,2025-09-26,2025-09-26 13:23:26,002708.SZ,B,14.180,200
1246,58,2025-09-26,2025-09-26 13:23:20,000813.SZ,S,4.400,1000
1247,61,2025-09-26,2025-09-26 13:22:50,301270.SZ,S,37.040,100
1248,61,2025-09-26,2025-09-26 13:22:38,000813.SZ,S,4.410,1500
1249,58,2025-09-26,2025-09-26 13:22:21,603626.SH,B,13.940,300
1250,61,2025-09-26,2025-09-26 13:22:11,600933.SH,B,23.180,100
1251,61,2025-09-26,2025-09-26 13:22:11,600933.SH,B,23.180,400
1252,61,2025-09-26,2025-09-26 13:22:08,000045.SZ,S,12.490,600
1253,61,2025-09-26,2025-09-26 13:22:07,603798.SH,S,17.230,100
1254,61,2025-09-26,2025-09-26 13:22:06,301197.SZ,S,19.710,400
1255,58,2025-09-26,2025-09-26 13:22:01,603798.SH,S,17.240,100
1256,58,2025-09-26,2025-09-26 13:21:53,301197.SZ,S,19.710,300
1257,52,2025-09-26,2025-09-26 13:21:53,301197.SZ,S,19.710,200
1258,58,2025-09-26,2025-09-26 13:21:49,002871.SZ,S,17.290,100
1259,58,2025-09-26,2025-09-26 13:21:26,688658.SH,B,22.750,312
1260,58,2025-09-26,2025-09-26 13:21:18,603275.SH,S,57.840,100
1261,58,2025-09-26,2025-09-26 13:20:38,002434.SZ,S,9.890,300
1262,52,2025-09-26,2025-09-26 13:20:28,601012.SH,B,17.560,400
1263,59,2025-09-26,2025-09-26 13:20:11,002153.SZ,B,10.720,1000
1264,58,2025-09-26,2025-09-26 13:20:11,002153.SZ,B,10.720,400
1265,61,2025-09-26,2025-09-26 13:19:56,300554.SZ,S,26.190,100
1266,59,2025-09-26,2025-09-26 13:19:46,301066.SZ,S,15.100,100
1267,61,2025-09-26,2025-09-26 13:19:42,603758.SH,B,16.570,200
1268,59,2025-09-26,2025-09-26 13:19:42,603758.SH,B,16.570,100
1269,61,2025-09-26,2025-09-26 13:19:40,300797.SZ,S,16.830,100
1270,61,2025-09-26,2025-09-26 13:19:37,300947.SZ,S,20.080,100
1271,52,2025-09-26,2025-09-26 13:19:25,002415.SZ,S,30.830,100
1272,52,2025-09-26,2025-09-26 13:16:18,600503.SH,S,3.300,200
1273,61,2025-09-26,2025-09-26 13:19:20,603275.SH,S,57.770,100
1274,59,2025-09-26,2025-09-26 13:19:16,603009.SH,B,56.480,100
1275,58,2025-09-26,2025-09-26 13:19:14,002232.SZ,B,21.290,200
1276,61,2025-09-26,2025-09-26 13:19:10,603920.SH,B,44.320,200
1277,58,2025-09-26,2025-09-26 13:19:08,000045.SZ,S,12.500,600
1278,61,2025-09-26,2025-09-26 13:19:08,000045.SZ,S,12.490,900
1279,52,2025-09-26,2025-09-26 13:16:57,000045.SZ,S,12.500,400
1280,61,2025-09-26,2025-09-26 13:19:00,600480.SH,S,14.070,100
1281,61,2025-09-26,2025-09-26 13:18:58,600480.SH,S,14.070,100
1282,61,2025-09-26,2025-09-26 13:18:26,000811.SZ,S,13.870,100
1283,58,2025-09-26,2025-09-26 13:18:23,605289.SH,B,63.340,100
1284,58,2025-09-26,2025-09-26 13:18:17,002158.SZ,B,24.750,200
1285,52,2025-09-26,2025-09-26 13:17:13,600684.SH,S,5.900,100
1286,52,2025-09-26,2025-09-26 13:17:13,600684.SH,S,5.900,100
1287,58,2025-09-26,2025-09-26 13:18:10,600684.SH,S,5.900,200
1288,58,2025-09-26,2025-09-26 13:18:09,600684.SH,S,5.900,400
1289,58,2025-09-26,2025-09-26 13:18:05,300536.SZ,S,8.710,100
1290,61,2025-09-26,2025-09-26 13:18:04,002708.SZ,B,14.220,500
1291,58,2025-09-26,2025-09-26 13:17:38,603171.SH,B,49.720,100
1292,58,2025-09-26,2025-09-26 13:17:22,300243.SZ,S,10.650,300
1293,58,2025-09-26,2025-09-26 13:17:11,605488.SH,S,37.570,100
1294,61,2025-09-26,2025-09-26 13:17:09,301197.SZ,S,19.740,100
1295,58,2025-09-26,2025-09-26 13:17:06,002148.SZ,B,9.590,200
1296,58,2025-09-26,2025-09-26 13:17:05,603031.SH,B,44.450,100
1297,52,2025-09-26,2025-09-26 13:16:45,000813.SZ,S,4.350,900
1298,61,2025-09-26,2025-09-26 13:17:02,603626.SH,B,13.970,700
1299,58,2025-09-26,2025-09-26 13:17:00,600239.SH,S,2.660,100
1300,52,2025-09-26,2025-09-26 13:16:18,600239.SH,S,2.660,100
1301,58,2025-09-26,2025-09-26 13:16:57,000813.SZ,S,4.350,700
1302,58,2025-09-26,2025-09-26 13:16:57,000813.SZ,S,4.350,900
1303,59,2025-09-26,2025-09-26 13:16:57,000045.SZ,S,12.500,100
1304,59,2025-09-26,2025-09-26 13:16:57,000045.SZ,S,12.500,100
1305,59,2025-09-26,2025-09-26 13:16:57,000045.SZ,S,12.500,500
1306,59,2025-09-26,2025-09-26 13:16:57,000045.SZ,S,12.500,100
1307,52,2025-09-26,2025-09-26 13:16:48,002174.SZ,S,11.490,100
1308,52,2025-09-26,2025-09-26 13:16:48,002174.SZ,S,11.490,100
1309,52,2025-09-26,2025-09-26 13:16:48,002174.SZ,S,11.490,400
1310,61,2025-09-26,2025-09-26 13:16:33,605118.SH,S,29.520,100
1311,59,2025-09-26,2025-09-26 13:16:25,000813.SZ,S,4.340,1100
1312,61,2025-09-26,2025-09-26 13:16:25,000813.SZ,S,4.340,1400
1313,52,2025-09-26,2025-09-26 13:16:22,000100.SZ,S,4.360,100
1314,58,2025-09-26,2025-09-26 13:16:17,300797.SZ,S,16.850,100
1315,61,2025-09-26,2025-09-26 13:16:17,600094.SH,S,4.430,100
1316,58,2025-09-26,2025-09-26 13:13:30,600340.SH,S,2.130,100
1317,58,2025-09-26,2025-09-26 13:13:30,600157.SH,S,1.610,100
1318,58,2025-09-26,2025-09-26 13:13:18,002871.SZ,B,17.520,100
1319,58,2025-09-26,2025-09-26 13:13:18,002871.SZ,B,17.520,100
1320,58,2025-09-26,2025-09-26 13:13:14,000056.SZ,S,2.660,100
1321,58,2025-09-26,2025-09-26 13:13:15,600337.SH,S,2.260,100
1322,58,2025-09-26,2025-09-26 13:13:13,002169.SZ,S,8.030,700
1323,52,2025-09-26,2025-09-26 13:13:14,601818.SH,S,3.420,100
1324,61,2025-09-26,2025-09-26 13:13:13,600221.SH,S,1.580,4300
1325,58,2025-09-26,2025-09-26 13:13:08,002146.SZ,S,1.620,100
1326,52,2025-09-26,2025-09-26 13:13:09,600236.SH,S,6.460,100
1327,59,2025-09-26,2025-09-26 13:13:08,600221.SH,S,1.580,3500
1328,59,2025-09-26,2025-09-26 13:13:08,000509.SZ,S,3.310,100
1329,61,2025-09-26,2025-09-26 13:13:08,605118.SH,B,29.590,100
1330,61,2025-09-26,2025-09-26 13:13:08,605118.SH,B,29.590,200
1331,61,2025-09-26,2025-09-26 13:13:08,600221.SH,S,1.580,4400
1332,61,2025-09-26,2025-09-26 13:13:08,000509.SZ,S,3.310,100
1333,61,2025-09-26,2025-09-26 13:13:05,600527.SH,S,2.280,100
1334,58,2025-09-26,2025-09-26 13:13:03,603456.SH,B,19.230,1400
1335,58,2025-09-26,2025-09-26 13:13:03,002434.SZ,B,9.920,800
1336,58,2025-09-26,2025-09-26 13:13:02,603992.SH,S,31.090,100
1337,58,2025-09-26,2025-09-26 13:13:01,601975.SH,S,3.040,200
1338,58,2025-09-26,2025-09-26 13:13:01,600653.SH,S,2.090,100
1339,58,2025-09-26,2025-09-26 13:13:00,002638.SZ,S,2.490,100
1340,58,2025-09-26,2025-09-26 13:13:01,600816.SH,S,3.060,100
1341,58,2025-09-26,2025-09-26 13:13:00,300993.SZ,S,18.200,1000
1342,58,2025-09-26,2025-09-26 13:13:00,600221.SH,S,1.580,7700
1343,61,2025-09-26,2025-09-26 13:13:00,000811.SZ,B,13.840,400
1344,52,2025-09-26,2025-09-26 13:13:00,600816.SH,S,3.060,100
1345,52,2025-09-26,2025-09-26 13:12:49,601216.SH,S,5.230,100
1346,61,2025-09-26,2025-09-26 13:12:48,000811.SZ,B,13.840,300
1347,61,2025-09-26,2025-09-26 13:12:47,002146.SZ,S,1.620,100
1348,52,2025-09-26,2025-09-26 13:12:47,600221.SH,S,1.580,2200
1349,61,2025-09-26,2025-09-26 13:12:46,000069.SZ,S,2.590,100
1350,52,2025-09-26,2025-09-26 13:12:45,601975.SH,S,3.040,100
1351,61,2025-09-26,2025-09-26 13:12:25,300993.SZ,S,18.230,100
1352,59,2025-09-26,2025-09-26 13:12:23,600864.SH,B,7.180,100
1353,61,2025-09-26,2025-09-26 13:12:23,605118.SH,B,29.560,100
1354,61,2025-09-26,2025-09-26 13:12:21,300993.SZ,S,18.230,100
1355,58,2025-09-26,2025-09-26 13:12:22,002239.SZ,S,3.360,100
1356,52,2025-09-26,2025-09-26 13:01:58,002239.SZ,S,3.360,100
1357,59,2025-09-26,2025-09-26 13:11:38,603367.SH,B,19.930,100
1358,52,2025-09-26,2025-09-26 13:11:35,002174.SZ,B,11.480,500
1359,58,2025-09-26,2025-09-26 13:11:30,600331.SH,B,10.080,100
1360,52,2025-09-26,2025-09-26 13:11:02,300993.SZ,S,18.210,300
1361,59,2025-09-26,2025-09-26 13:10:58,600684.SH,S,5.900,100
1362,59,2025-09-26,2025-09-26 13:10:53,002815.SZ,S,15.110,100
1363,61,2025-09-26,2025-09-26 13:10:51,603499.SH,S,17.800,100
1364,61,2025-09-26,2025-09-26 13:10:50,600961.SH,S,15.000,400
1365,59,2025-09-26,2025-09-26 13:10:50,600961.SH,S,15.000,100
1366,58,2025-09-26,2025-09-26 13:10:32,002434.SZ,B,9.910,400
1367,58,2025-09-26,2025-09-26 13:10:32,600615.SH,S,13.460,100
1368,59,2025-09-26,2025-09-26 13:10:26,000659.SZ,S,2.860,100
1369,58,2025-09-26,2025-09-26 13:09:33,002174.SZ,B,11.470,500
1370,52,2025-09-26,2025-09-26 13:09:32,601658.SH,S,5.950,100
1371,58,2025-09-26,2025-09-26 13:09:14,600480.SH,B,14.120,500
1372,61,2025-09-26,2025-09-26 13:09:14,600480.SH,B,14.110,300
1373,59,2025-09-26,2025-09-26 13:09:14,600480.SH,B,14.110,200
1374,52,2025-09-26,2025-09-26 13:09:06,600480.SH,B,14.130,200
1375,59,2025-09-26,2025-09-26 13:09:02,002036.SZ,B,11.510,100
1376,58,2025-09-26,2025-09-26 13:09:00,601077.SH,S,6.470,100
1377,59,2025-09-26,2025-09-26 13:08:58,603300.SH,B,9.880,100
1378,61,2025-09-26,2025-09-26 13:08:57,002100.SZ,S,7.570,100
1379,58,2025-09-26,2025-09-26 13:08:55,300947.SZ,S,20.020,200
1380,59,2025-09-26,2025-09-26 13:08:52,600651.SH,S,8.670,100
1381,61,2025-09-26,2025-09-26 13:08:49,002662.SZ,S,3.950,100
1382,59,2025-09-26,2025-09-26 13:08:42,000061.SZ,S,8.290,100
1383,61,2025-09-26,2025-09-26 13:08:38,600330.SH,B,10.930,700
1384,61,2025-09-26,2025-09-26 13:08:34,603758.SH,B,16.660,400
1385,52,2025-09-26,2025-09-26 13:06:30,002645.SZ,B,14.820,100
1386,61,2025-09-26,2025-09-26 13:08:30,300993.SZ,S,18.270,200
1387,61,2025-09-26,2025-09-26 13:08:28,002169.SZ,S,8.050,500
1388,61,2025-09-26,2025-09-26 13:08:20,688658.SH,S,22.800,200
1389,61,2025-09-26,2025-09-26 13:08:21,002169.SZ,S,8.050,100
1390,61,2025-09-26,2025-09-26 13:08:20,300993.SZ,S,18.270,200
1391,61,2025-09-26,2025-09-26 13:08:09,002169.SZ,S,8.050,100
1392,52,2025-09-26,2025-09-26 13:06:13,000045.SZ,S,12.500,100
1393,61,2025-09-26,2025-09-26 13:08:00,000811.SZ,B,13.830,300
1394,61,2025-09-26,2025-09-26 13:08:00,000811.SZ,B,13.830,100
1395,58,2025-09-26,2025-09-26 13:07:45,002011.SZ,S,14.080,100
1396,52,2025-09-26,2025-09-26 13:07:40,601872.SH,S,8.590,100
1397,61,2025-09-26,2025-09-26 13:07:38,600933.SH,B,23.200,400
1398,59,2025-09-26,2025-09-26 13:07:36,603306.SH,B,50.500,100
1399,58,2025-09-26,2025-09-26 13:07:31,300774.SZ,B,11.740,300
1400,58,2025-09-26,2025-09-26 13:07:27,002706.SZ,S,11.690,200
1401,52,2025-09-26,2025-09-26 13:07:27,002706.SZ,S,11.690,100
1402,52,2025-09-26,2025-09-26 13:07:26,601766.SH,S,7.360,100
1403,58,2025-09-26,2025-09-26 13:07:22,002506.SZ,S,2.570,100
1404,58,2025-09-26,2025-09-26 13:07:19,002169.SZ,S,8.060,300
1405,58,2025-09-26,2025-09-26 13:07:19,002169.SZ,S,8.060,600
1406,58,2025-09-26,2025-09-26 13:07:19,002871.SZ,B,17.390,200
1407,58,2025-09-26,2025-09-26 13:07:18,002871.SZ,B,17.390,200
1408,52,2025-09-26,2025-09-26 13:07:19,002169.SZ,S,8.060,400
1409,61,2025-09-26,2025-09-26 13:07:16,601137.SH,S,25.430,500
1410,58,2025-09-26,2025-09-26 13:07:12,688658.SH,S,22.800,200
1411,52,2025-09-26,2025-09-26 13:06:39,002174.SZ,B,11.470,300
1412,58,2025-09-26,2025-09-26 13:07:05,603456.SH,B,19.260,200
1413,58,2025-09-26,2025-09-26 13:07:03,601113.SH,S,4.310,100
1414,58,2025-09-26,2025-09-26 13:07:02,000659.SZ,S,2.860,100
1415,52,2025-09-26,2025-09-26 13:05:57,000001.SZ,S,11.370,100
1416,61,2025-09-26,2025-09-26 13:07:00,002645.SZ,B,14.830,300
1417,58,2025-09-26,2025-09-26 13:06:59,000069.SZ,S,2.600,100
1418,59,2025-09-26,2025-09-26 13:06:56,301307.SZ,B,34.900,100
1419,61,2025-09-26,2025-09-26 13:06:53,301011.SZ,S,29.920,100
1420,58,2025-09-26,2025-09-26 13:06:35,603758.SH,B,16.650,100
1421,59,2025-09-26,2025-09-26 13:06:30,600331.SH,B,10.090,100
1422,61,2025-09-26,2025-09-26 13:06:30,600210.SH,S,7.260,100
1423,61,2025-09-26,2025-09-26 13:06:30,600331.SH,B,10.090,300
1424,58,2025-09-26,2025-09-26 13:06:09,601137.SH,S,25.420,300
1425,58,2025-09-26,2025-09-26 13:06:09,601137.SH,S,25.420,100
1426,52,2025-09-26,2025-09-26 13:06:09,601137.SH,S,25.420,100
1427,59,2025-09-26,2025-09-26 13:06:08,300456.SZ,S,25.140,100
1428,52,2025-09-26,2025-09-26 13:05:47,002174.SZ,B,11.470,300
1429,59,2025-09-26,2025-09-26 13:05:53,002446.SZ,B,8.560,100
1430,59,2025-09-26,2025-09-26 13:05:52,603758.SH,B,16.650,100
1431,59,2025-09-26,2025-09-26 13:05:48,603798.SH,B,17.160,100
1432,59,2025-09-26,2025-09-26 13:05:46,600246.SH,B,11.600,100
1433,59,2025-09-26,2025-09-26 13:05:46,600601.SH,B,10.370,100
1434,61,2025-09-26,2025-09-26 13:05:46,600246.SH,B,11.600,100
1435,61,2025-09-26,2025-09-26 13:05:46,600246.SH,B,11.600,300
1436,61,2025-09-26,2025-09-26 13:05:44,002174.SZ,B,11.470,2000
1437,58,2025-09-26,2025-09-26 13:05:40,600246.SH,B,11.600,400
1438,59,2025-09-26,2025-09-26 13:05:35,002622.SZ,S,3.460,100
1439,58,2025-09-26,2025-09-26 13:05:32,603367.SH,S,20.000,100
1440,58,2025-09-26,2025-09-26 13:05:29,605566.SH,B,28.360,100
1441,58,2025-09-26,2025-09-26 13:05:29,605566.SH,B,28.360,100
1442,61,2025-09-26,2025-09-26 13:05:29,002547.SZ,S,5.310,100
1443,59,2025-09-26,2025-09-26 13:05:19,002922.SZ,B,21.130,100
1444,58,2025-09-26,2025-09-26 13:05:15,603009.SH,B,56.500,100
1445,58,2025-09-26,2025-09-26 13:05:09,603992.SH,S,31.030,200
1446,52,2025-09-26,2025-09-26 13:03:01,300126.SZ,B,9.350,100
1447,59,2025-09-26,2025-09-26 13:05:08,600880.SH,B,4.880,100
1448,58,2025-09-26,2025-09-26 13:05:05,688538.SH,S,2.920,200
1449,61,2025-09-26,2025-09-26 13:05:00,300190.SZ,S,4.210,100
1450,58,2025-09-26,2025-09-26 13:04:56,002957.SZ,S,18.950,100
1451,58,2025-09-26,2025-09-26 13:04:55,002622.SZ,S,3.460,100
1452,61,2025-09-26,2025-09-26 13:04:50,002303.SZ,S,4.530,100
1453,59,2025-09-26,2025-09-26 13:04:50,002303.SZ,S,4.530,100
1454,52,2025-09-26,2025-09-26 13:04:47,600737.SH,B,15.950,100
1455,58,2025-09-26,2025-09-26 13:04:46,002662.SZ,S,3.960,100
1456,58,2025-09-26,2025-09-26 13:04:44,300009.SZ,S,10.060,100
1457,52,2025-09-26,2025-09-26 13:04:09,600961.SH,S,15.010,100
1458,58,2025-09-26,2025-09-26 13:04:44,000882.SZ,S,2.020,100
1459,59,2025-09-26,2025-09-26 13:04:43,002158.SZ,B,24.640,100
1460,61,2025-09-26,2025-09-26 13:04:35,002145.SZ,S,5.370,100
1461,58,2025-09-26,2025-09-26 13:04:33,600961.SH,S,15.010,100
1462,61,2025-09-26,2025-09-26 13:04:31,600475.SH,S,15.510,100
1463,59,2025-09-26,2025-09-26 13:04:27,601956.SH,S,7.590,200
1464,61,2025-09-26,2025-09-26 13:04:27,601956.SH,S,7.590,700
1465,59,2025-09-26,2025-09-26 13:04:27,603588.SH,B,6.840,100
1466,59,2025-09-26,2025-09-26 13:04:27,300077.SZ,B,24.850,100
1467,52,2025-09-26,2025-09-26 13:03:52,605118.SH,B,29.490,100
1468,61,2025-09-26,2025-09-26 13:04:24,002115.SZ,S,10.770,100
1469,58,2025-09-26,2025-09-26 13:04:24,605118.SH,B,29.490,100
1470,58,2025-09-26,2025-09-26 13:04:22,002303.SZ,S,4.530,100
1471,59,2025-09-26,2025-09-26 13:04:23,002115.SZ,S,10.770,100
1472,61,2025-09-26,2025-09-26 13:04:18,603300.SH,S,9.880,100
1473,61,2025-09-26,2025-09-26 13:04:13,603181.SH,S,17.780,100
1474,58,2025-09-26,2025-09-26 13:04:12,605118.SH,B,29.490,300
1475,52,2025-09-26,2025-09-26 13:04:11,601958.SH,S,14.670,100
1476,61,2025-09-26,2025-09-26 13:04:11,002239.SZ,S,3.350,100
1477,59,2025-09-26,2025-09-26 13:04:10,002468.SZ,S,18.060,100
1478,61,2025-09-26,2025-09-26 13:04:07,300568.SZ,S,13.570,100
1479,58,2025-09-26,2025-09-26 13:04:04,002392.SZ,S,9.440,100
1480,59,2025-09-26,2025-09-26 13:04:02,300947.SZ,S,20.070,100
1481,61,2025-09-26,2025-09-26 13:04:02,600480.SH,B,14.110,200
1482,61,2025-09-26,2025-09-26 13:04:02,300947.SZ,S,20.070,200
1483,59,2025-09-26,2025-09-26 13:04:01,601077.SH,S,6.480,100
1484,61,2025-09-26,2025-09-26 13:04:00,600480.SH,B,14.110,100
1485,61,2025-09-26,2025-09-26 13:04:00,600480.SH,B,14.110,100
1486,61,2025-09-26,2025-09-26 13:04:00,600480.SH,B,14.110,100
1487,52,2025-09-26,2025-09-26 13:03:59,300435.SZ,S,21.410,100
1488,58,2025-09-26,2025-09-26 13:03:49,601956.SH,S,7.600,200
1489,58,2025-09-26,2025-09-26 13:03:49,601956.SH,S,7.600,200
1490,58,2025-09-26,2025-09-26 13:03:49,601956.SH,S,7.600,200
1491,52,2025-09-26,2025-09-26 13:03:49,601956.SH,S,7.600,100
1492,52,2025-09-26,2025-09-26 13:03:49,601956.SH,S,7.600,100
1493,59,2025-09-26,2025-09-26 13:03:49,300993.SZ,S,18.310,300
1494,59,2025-09-26,2025-09-26 13:03:49,300993.SZ,S,18.310,200
1495,52,2025-09-26,2025-09-26 13:03:09,002939.SZ,B,11.080,100
1496,61,2025-09-26,2025-09-26 13:03:30,001311.SZ,S,26.140,100
1497,61,2025-09-26,2025-09-26 13:03:28,688538.SH,S,2.920,200
1498,61,2025-09-26,2025-09-26 13:03:27,600513.SH,S,18.980,100
1499,58,2025-09-26,2025-09-26 13:03:15,603798.SH,B,17.160,200
1500,52,2025-09-26,2025-09-26 13:03:00,603798.SH,B,17.160,100
1501,59,2025-09-26,2025-09-26 13:03:11,300218.SZ,B,18.710,100
1502,58,2025-09-26,2025-09-26 13:03:08,600601.SH,S,10.380,100
1503,61,2025-09-26,2025-09-26 13:03:04,300128.SZ,S,6.000,100
1504,58,2025-09-26,2025-09-26 13:03:00,603039.SH,B,56.200,100
1505,59,2025-09-26,2025-09-26 13:03:00,603992.SH,S,31.060,100
1506,52,2025-09-26,2025-09-26 13:02:45,600885.SH,S,26.680,100
1507,58,2025-09-26,2025-09-26 13:02:59,605488.SH,B,37.550,100
1508,58,2025-09-26,2025-09-26 13:02:58,002815.SZ,S,15.100,200
1509,61,2025-09-26,2025-09-26 13:02:57,603920.SH,B,44.340,400
1510,61,2025-09-26,2025-09-26 13:02:52,002169.SZ,S,8.040,1100
1511,59,2025-09-26,2025-09-26 13:02:52,002169.SZ,S,8.030,700
1512,61,2025-09-26,2025-09-26 13:02:48,603992.SH,S,31.060,400
1513,61,2025-09-26,2025-09-26 13:02:48,603992.SH,S,31.060,100
1514,58,2025-09-26,2025-09-26 13:02:45,000509.SZ,S,3.310,100
1515,61,2025-09-26,2025-09-26 13:02:44,603798.SH,B,17.180,400
1516,52,2025-09-26,2025-09-26 13:02:27,002378.SZ,S,12.290,100
1517,61,2025-09-26,2025-09-26 13:02:36,000657.SZ,S,18.630,100
1518,59,2025-09-26,2025-09-26 13:02:30,002361.SZ,B,6.220,100
1519,58,2025-09-26,2025-09-26 13:02:28,603285.SH,S,27.450,100
1520,58,2025-09-26,2025-09-26 13:02:28,600933.SH,B,23.210,400
1521,52,2025-09-26,2025-09-26 13:01:58,600933.SH,B,23.210,200
1522,61,2025-09-26,2025-09-26 13:02:27,002434.SZ,B,9.980,200
1523,59,2025-09-26,2025-09-26 13:02:27,002434.SZ,B,9.980,400
1524,61,2025-09-26,2025-09-26 13:02:26,603285.SH,S,27.440,100
1525,61,2025-09-26,2025-09-26 13:02:25,002434.SZ,B,9.980,100
1526,61,2025-09-26,2025-09-26 13:02:25,002434.SZ,B,9.980,400
1527,58,2025-09-26,2025-09-26 13:02:24,300554.SZ,S,26.130,300
1528,52,2025-09-26,2025-09-26 13:02:23,300554.SZ,S,26.130,100
1529,58,2025-09-26,2025-09-26 13:02:19,600651.SH,S,8.740,100
1530,52,2025-09-26,2025-09-26 13:01:58,600651.SH,S,8.740,100
1531,61,2025-09-26,2025-09-26 13:02:13,603171.SH,B,49.580,300
1532,59,2025-09-26,2025-09-26 13:02:13,603171.SH,B,49.580,100
1533,58,2025-09-26,2025-09-26 13:02:09,600503.SH,S,3.290,100
1534,58,2025-09-26,2025-09-26 13:02:04,603306.SH,S,50.700,100
1535,61,2025-09-26,2025-09-26 13:02:00,600239.SH,S,2.670,100
1536,61,2025-09-26,2025-09-26 13:02:00,300554.SZ,S,26.050,300
1537,59,2025-09-26,2025-09-26 13:02:00,300554.SZ,S,26.050,200
1538,52,2025-09-26,2025-09-26 13:01:58,600527.SH,S,2.280,100
1539,61,2025-09-26,2025-09-26 13:01:56,300993.SZ,S,18.310,500
1540,58,2025-09-26,2025-09-26 13:01:55,600239.SH,S,2.660,200
1541,58,2025-09-26,2025-09-26 13:01:56,000657.SZ,S,18.570,100
1542,58,2025-09-26,2025-09-26 13:01:55,301011.SZ,S,29.890,100
1543,58,2025-09-26,2025-09-26 13:01:54,600527.SH,S,2.280,200
1544,59,2025-09-26,2025-09-26 13:01:53,600933.SH,B,23.250,300
1545,59,2025-09-26,2025-09-26 13:01:53,601096.SH,S,4.320,100
1546,61,2025-09-26,2025-09-26 13:01:53,601096.SH,S,4.320,100
1547,58,2025-09-26,2025-09-26 11:29:30,600157.SH,S,1.610,100
1548,58,2025-09-26,2025-09-26 11:29:15,301135.SZ,S,28.930,100
1549,61,2025-09-26,2025-09-26 11:29:14,002431.SZ,S,2.420,100
1550,61,2025-09-26,2025-09-26 11:29:14,300135.SZ,S,4.440,100
1551,58,2025-09-26,2025-09-26 11:29:09,002706.SZ,B,11.750,100
1552,58,2025-09-26,2025-09-26 11:29:08,002706.SZ,B,11.750,100
1553,58,2025-09-26,2025-09-26 11:29:08,002706.SZ,B,11.750,200
1554,61,2025-09-26,2025-09-26 11:29:07,300554.SZ,S,26.010,200
1555,52,2025-09-26,2025-09-26 11:29:07,002706.SZ,B,11.750,300
1556,61,2025-09-26,2025-09-26 11:29:05,002158.SZ,B,24.790,200
1557,58,2025-09-26,2025-09-26 11:29:03,600179.SH,S,3.610,100
1558,58,2025-09-26,2025-09-26 11:29:03,603305.SH,B,18.560,600
1559,58,2025-09-26,2025-09-26 11:29:03,002269.SZ,S,2.370,100
1560,58,2025-09-26,2025-09-26 11:29:03,002357.SZ,S,9.920,100
1561,59,2025-09-26,2025-09-26 11:29:03,002638.SZ,S,2.490,100
1562,58,2025-09-26,2025-09-26 11:29:02,601003.SH,S,5.170,100
1563,61,2025-09-26,2025-09-26 11:29:03,600595.SH,S,5.110,100
1564,61,2025-09-26,2025-09-26 11:29:03,600221.SH,S,1.580,100
1565,61,2025-09-26,2025-09-26 11:29:03,600052.SH,S,5.280,100
1566,61,2025-09-26,2025-09-26 11:29:03,002638.SZ,S,2.490,100
1567,58,2025-09-26,2025-09-26 11:29:01,603163.SH,S,45.630,100
1568,52,2025-09-26,2025-09-26 11:29:02,600795.SH,S,4.990,100
1569,58,2025-09-26,2025-09-26 11:29:00,601975.SH,S,3.040,100
1570,58,2025-09-26,2025-09-26 11:29:00,002239.SZ,S,3.350,200
1571,58,2025-09-26,2025-09-26 11:29:00,000659.SZ,S,2.860,100
1572,58,2025-09-26,2025-09-26 11:29:00,600337.SH,S,2.270,100
1573,58,2025-09-26,2025-09-26 11:29:00,002172.SZ,S,4.140,100
1574,58,2025-09-26,2025-09-26 11:29:00,600221.SH,S,1.580,100
1575,58,2025-09-26,2025-09-26 11:29:00,002809.SZ,S,11.420,100
1576,58,2025-09-26,2025-09-26 11:29:00,600530.SH,S,8.200,500
1577,58,2025-09-26,2025-09-26 11:29:00,600052.SH,S,5.280,100
1578,59,2025-09-26,2025-09-26 11:29:01,600527.SH,S,2.280,100
1579,63,2025-09-26,2025-09-26 11:29:00,603993.SH,B,13.910,300
1580,62,2025-09-26,2025-09-26 11:29:00,600681.SH,S,3.900,2200
1581,62,2025-09-26,2025-09-26 11:29:00,001965.SZ,B,9.760,400
1582,61,2025-09-26,2025-09-26 11:29:00,600527.SH,S,2.280,100
1583,62,2025-09-26,2025-09-26 11:29:00,600583.SH,B,5.320,12800
1584,60,2025-09-26,2025-09-26 11:29:00,603456.SH,B,19.360,700
1585,58,2025-09-26,2025-09-26 11:28:56,605566.SH,B,28.550,200
1586,52,2025-09-26,2025-09-26 11:28:46,601975.SH,S,3.040,100
1587,61,2025-09-26,2025-09-26 11:28:42,000659.SZ,S,2.860,100
1588,61,2025-09-26,2025-09-26 11:28:30,000069.SZ,S,2.610,1600
1589,58,2025-09-26,2025-09-26 11:28:24,002547.SZ,S,5.330,400
1590,58,2025-09-26,2025-09-26 11:28:17,600503.SH,S,3.310,1300
1591,58,2025-09-26,2025-09-26 11:28:17,600503.SH,S,3.310,100
1592,52,2025-09-26,2025-09-26 11:16:18,600503.SH,S,3.310,400
1593,63,2025-09-26,2025-09-26 11:27:53,600585.SH,S,23.210,300
1594,60,2025-09-26,2025-09-26 11:27:53,600585.SH,S,23.210,300
1595,61,2025-09-26,2025-09-26 11:27:27,002506.SZ,S,2.570,100
1596,63,2025-09-26,2025-09-26 11:27:26,601179.SH,B,6.640,600
1597,52,2025-09-26,2025-09-26 11:27:16,601166.SH,S,20.260,100
1598,60,2025-09-26,2025-09-26 11:27:12,600968.SH,B,3.850,1200
1599,59,2025-09-26,2025-09-26 11:27:10,000811.SZ,B,13.840,600
1600,52,2025-09-26,2025-09-26 11:27:01,601766.SH,B,7.370,73
1601,52,2025-09-26,2025-09-26 11:27:01,601766.SH,B,7.370,27
1602,61,2025-09-26,2025-09-26 11:27:00,603300.SH,B,9.900,300
1603,61,2025-09-26,2025-09-26 11:26:57,000069.SZ,S,2.610,500
1604,61,2025-09-26,2025-09-26 11:26:55,000069.SZ,S,2.610,1000
1605,61,2025-09-26,2025-09-26 11:26:54,000069.SZ,S,2.610,400
1606,52,2025-09-26,2025-09-26 11:25:10,002539.SZ,B,10.150,100
1607,61,2025-09-26,2025-09-26 11:26:15,600337.SH,S,2.270,100
1608,62,2025-09-26,2025-09-26 11:26:11,600029.SH,B,5.930,1700
1609,62,2025-09-26,2025-09-26 11:26:11,600029.SH,B,5.930,200
1610,62,2025-09-26,2025-09-26 11:26:08,600029.SH,B,5.930,1500
1611,62,2025-09-26,2025-09-26 11:26:07,001965.SZ,B,9.760,200
1612,62,2025-09-26,2025-09-26 11:26:07,001965.SZ,B,9.760,200
1613,62,2025-09-26,2025-09-26 11:26:05,600029.SH,B,5.930,200
1614,62,2025-09-26,2025-09-26 11:26:05,600029.SH,B,5.930,200
1615,62,2025-09-26,2025-09-26 11:26:05,600029.SH,B,5.930,100
1616,62,2025-09-26,2025-09-26 11:26:05,600029.SH,B,5.930,200
1617,62,2025-09-26,2025-09-26 11:26:05,600029.SH,B,5.930,200
1618,62,2025-09-26,2025-09-26 11:26:05,600029.SH,B,5.930,400
1619,62,2025-09-26,2025-09-26 11:26:05,600029.SH,B,5.930,100
1620,61,2025-09-26,2025-09-26 11:25:57,002011.SZ,S,14.080,100
1621,62,2025-09-26,2025-09-26 11:25:56,001965.SZ,B,9.750,400
1622,61,2025-09-26,2025-09-26 11:25:54,002622.SZ,S,3.470,100
1623,61,2025-09-26,2025-09-26 11:25:53,600330.SH,B,10.980,30
1624,63,2025-09-26,2025-09-26 11:25:34,600733.SH,B,7.900,500
1625,61,2025-09-26,2025-09-26 11:25:32,301193.SZ,S,19.040,100
1626,61,2025-09-26,2025-09-26 11:25:25,601975.SH,S,3.050,300
1627,59,2025-09-26,2025-09-26 11:25:25,601975.SH,S,3.050,100
1628,61,2025-09-26,2025-09-26 11:25:22,600330.SH,B,10.980,670
1629,52,2025-09-26,2025-09-26 11:22:40,300889.SZ,B,19.540,100
1630,58,2025-09-26,2025-09-26 11:25:11,603306.SH,B,50.480,100
1631,58,2025-09-26,2025-09-26 11:25:00,603306.SH,B,50.480,100
1632,58,2025-09-26,2025-09-26 11:24:44,002158.SZ,B,24.780,200
1633,60,2025-09-26,2025-09-26 11:24:42,601658.SH,S,5.950,900
1634,63,2025-09-26,2025-09-26 11:24:41,000935.SZ,B,21.810,100
1635,44,2025-09-26,2025-09-26 11:24:40,603806.SH,B,15.460,300
1636,60,2025-09-26,2025-09-26 11:24:40,000935.SZ,B,21.810,200
