,fund_id,trade_dt,trade_time,s_info_windcode,direction,price,qty
0,61,2025-09-17,2025-09-17 14:56:59,002636.SZ,B,13.320,100
1,61,2025-09-17,2025-09-17 14:56:58,002636.SZ,B,13.320,100
2,51,2025-09-17,2025-09-17 14:57:00,300197.SZ,B,2.480,200
3,49,2025-09-17,2025-09-17 14:56:53,600335.SH,S,6.320,300
4,49,2025-09-17,2025-09-17 14:56:53,300510.SZ,S,4.590,100
5,52,2025-09-17,2025-09-17 14:56:46,601377.SH,S,6.480,100
6,49,2025-09-17,2025-09-17 14:56:44,688170.SH,S,43.040,71
7,59,2025-09-17,2025-09-17 14:56:37,300591.SZ,B,9.810,200
8,61,2025-09-17,2025-09-17 14:56:36,300761.SZ,B,23.890,300
9,58,2025-09-17,2025-09-17 14:56:34,002127.SZ,B,3.830,200
10,51,2025-09-17,2025-09-17 14:56:37,000727.SZ,B,2.930,300
11,49,2025-09-17,2025-09-17 14:56:33,000528.SZ,S,11.250,100
12,60,2025-09-17,2025-09-17 14:56:33,600027.SH,S,5.320,1800
13,58,2025-09-17,2025-09-17 14:56:32,300815.SZ,B,28.180,100
14,58,2025-09-17,2025-09-17 14:56:32,300815.SZ,B,28.180,100
15,51,2025-09-17,2025-09-17 14:56:35,000021.SZ,B,21.715,200
16,51,2025-09-17,2025-09-17 14:56:35,000021.SZ,B,21.680,500
17,51,2025-09-17,2025-09-17 14:56:35,000776.SZ,B,21.200,300
18,58,2025-09-17,2025-09-17 14:56:32,002476.SZ,S,5.490,1700
19,49,2025-09-17,2025-09-17 14:56:30,601868.SH,S,2.480,1500
20,51,2025-09-17,2025-09-17 14:56:34,600531.SH,S,11.190,1600
21,52,2025-09-17,2025-09-17 14:56:30,600157.SH,B,1.550,2400
22,59,2025-09-17,2025-09-17 14:56:30,600649.SH,S,4.930,100
23,49,2025-09-17,2025-09-17 14:56:29,603067.SH,S,17.970,200
24,49,2025-09-17,2025-09-17 14:56:29,600967.SH,S,19.450,400
25,49,2025-09-17,2025-09-17 14:56:29,600521.SH,S,23.610,400
26,49,2025-09-17,2025-09-17 14:56:29,600023.SH,S,5.100,300
27,49,2025-09-17,2025-09-17 14:56:29,601096.SH,S,4.380,500
28,49,2025-09-17,2025-09-17 14:56:29,601919.SH,S,14.950,400
29,49,2025-09-17,2025-09-17 14:56:29,300272.SZ,S,6.670,100
30,49,2025-09-17,2025-09-17 14:56:29,000767.SZ,S,3.130,900
31,49,2025-09-17,2025-09-17 14:56:29,000543.SZ,S,7.230,100
32,49,2025-09-17,2025-09-17 14:56:29,000826.SZ,S,2.270,1500
33,49,2025-09-17,2025-09-17 14:56:29,002632.SZ,S,10.320,200
34,49,2025-09-17,2025-09-17 14:56:29,002356.SZ,S,3.570,1300
35,51,2025-09-17,2025-09-17 14:56:33,601991.SH,B,3.550,200
36,60,2025-09-17,2025-09-17 14:56:29,600406.SH,S,22.410,200
37,60,2025-09-17,2025-09-17 14:56:29,600406.SH,S,22.410,100
38,49,2025-09-17,2025-09-17 14:56:28,601211.SH,S,19.000,500
39,59,2025-09-17,2025-09-17 14:56:27,600737.SH,S,16.820,100
40,49,2025-09-17,2025-09-17 14:56:26,600989.SH,S,16.790,400
41,49,2025-09-17,2025-09-17 14:56:26,601919.SH,S,14.950,300
42,61,2025-09-17,2025-09-17 14:56:27,600737.SH,S,16.820,200
43,49,2025-09-17,2025-09-17 14:56:25,002674.SZ,S,14.170,300
44,59,2025-09-17,2025-09-17 14:56:25,000833.SZ,B,14.620,200
45,61,2025-09-17,2025-09-17 14:56:24,300204.SZ,B,36.910,300
46,61,2025-09-17,2025-09-17 14:56:23,002463.SZ,B,70.920,100
47,59,2025-09-17,2025-09-17 14:56:23,002527.SZ,B,20.900,200
48,58,2025-09-17,2025-09-17 14:56:23,600601.SH,B,11.860,279
49,58,2025-09-17,2025-09-17 14:56:23,600601.SH,B,11.860,100
50,58,2025-09-17,2025-09-17 14:56:23,600601.SH,B,11.860,421
51,61,2025-09-17,2025-09-17 14:56:22,300218.SZ,B,19.860,100
52,61,2025-09-17,2025-09-17 14:56:22,300218.SZ,B,19.850,200
53,61,2025-09-17,2025-09-17 14:56:22,300218.SZ,B,19.850,200
54,61,2025-09-17,2025-09-17 14:56:22,601212.SH,S,3.820,8300
55,61,2025-09-17,2025-09-17 14:56:22,000833.SZ,B,14.620,500
56,59,2025-09-17,2025-09-17 14:56:22,301216.SZ,B,19.820,600
57,59,2025-09-17,2025-09-17 14:56:22,601212.SH,S,3.820,3000
58,58,2025-09-17,2025-09-17 14:56:22,601208.SH,S,21.290,300
59,61,2025-09-17,2025-09-17 14:56:21,603613.SH,B,31.930,600
60,49,2025-09-17,2025-09-17 14:56:21,600732.SH,S,16.380,400
61,59,2025-09-17,2025-09-17 14:56:21,002548.SZ,S,4.890,1400
62,61,2025-09-17,2025-09-17 14:56:20,002548.SZ,S,4.890,4800
63,61,2025-09-17,2025-09-17 14:56:19,001269.SZ,B,27.590,100
64,61,2025-09-17,2025-09-17 14:56:19,002163.SZ,B,10.160,500
65,61,2025-09-17,2025-09-17 14:56:19,300678.SZ,B,36.840,300
66,52,2025-09-17,2025-09-17 14:56:19,601818.SH,B,3.540,2000
67,61,2025-09-17,2025-09-17 14:56:18,002323.SZ,B,2.050,100
68,61,2025-09-17,2025-09-17 14:56:18,002548.SZ,S,4.890,4900
69,49,2025-09-17,2025-09-17 14:56:18,600011.SH,S,7.520,200
70,49,2025-09-17,2025-09-17 14:56:18,600011.SH,S,7.520,200
71,58,2025-09-17,2025-09-17 14:56:17,600653.SH,B,2.310,500
72,51,2025-09-17,2025-09-17 14:56:19,600653.SH,B,2.310,200
73,51,2025-09-17,2025-09-17 14:56:19,605287.SH,B,20.590,200
74,51,2025-09-17,2025-09-17 14:56:19,002565.SZ,B,7.260,500
75,51,2025-09-17,2025-09-17 14:56:18,603978.SH,S,20.510,200
76,51,2025-09-17,2025-09-17 14:56:18,002097.SZ,S,14.260,100
77,52,2025-09-17,2025-09-17 14:56:14,601208.SH,S,21.290,100
78,52,2025-09-17,2025-09-17 14:56:14,601208.SH,S,21.290,200
79,51,2025-09-17,2025-09-17 14:56:17,002340.SZ,B,7.590,700
80,51,2025-09-17,2025-09-17 14:56:17,002169.SZ,S,7.410,700
81,58,2025-09-17,2025-09-17 14:56:13,000833.SZ,B,14.610,200
82,58,2025-09-17,2025-09-17 14:56:13,000833.SZ,B,14.610,100
83,49,2025-09-17,2025-09-17 14:56:12,000519.SZ,S,18.270,300
84,49,2025-09-17,2025-09-17 14:56:13,600020.SH,S,4.380,100
85,61,2025-09-17,2025-09-17 14:56:12,603903.SH,B,10.890,200
86,49,2025-09-17,2025-09-17 14:56:12,605196.SH,S,26.530,200
87,61,2025-09-17,2025-09-17 14:56:11,300766.SZ,B,41.600,100
88,58,2025-09-17,2025-09-17 14:56:11,003020.SZ,S,29.390,200
89,58,2025-09-17,2025-09-17 14:56:11,300947.SZ,B,21.810,200
90,49,2025-09-17,2025-09-17 14:56:10,000717.SZ,S,2.940,1100
91,61,2025-09-17,2025-09-17 14:56:10,300766.SZ,B,41.590,100
92,52,2025-09-17,2025-09-17 14:56:10,003020.SZ,S,29.390,100
93,59,2025-09-17,2025-09-17 14:56:10,301526.SZ,B,6.840,200
94,51,2025-09-17,2025-09-17 14:56:13,600353.SH,S,18.060,100
95,59,2025-09-17,2025-09-17 14:56:10,002607.SZ,B,3.040,800
96,49,2025-09-17,2025-09-17 14:56:09,000778.SZ,S,3.890,400
97,60,2025-09-17,2025-09-17 14:56:09,601096.SH,B,4.390,1300
98,61,2025-09-17,2025-09-17 14:56:08,300642.SZ,S,24.530,300
99,61,2025-09-17,2025-09-17 14:56:08,300450.SZ,B,53.600,100
100,59,2025-09-17,2025-09-17 14:56:08,600353.SH,S,18.060,100
101,61,2025-09-17,2025-09-17 14:56:07,300947.SZ,B,21.820,200
102,61,2025-09-17,2025-09-17 14:56:07,600353.SH,S,18.060,100
103,61,2025-09-17,2025-09-17 14:56:07,000702.SZ,S,7.880,100
104,61,2025-09-17,2025-09-17 14:56:06,600622.SH,S,3.290,100
105,61,2025-09-17,2025-09-17 14:56:07,000603.SZ,B,21.140,200
106,61,2025-09-17,2025-09-17 14:56:07,002169.SZ,S,7.420,100
107,58,2025-09-17,2025-09-17 14:56:06,002356.SZ,B,3.580,100
108,61,2025-09-17,2025-09-17 14:56:07,002169.SZ,S,7.420,200
109,61,2025-09-17,2025-09-17 14:56:07,002169.SZ,S,7.420,100
110,61,2025-09-17,2025-09-17 14:56:07,002169.SZ,S,7.420,600
111,60,2025-09-17,2025-09-17 14:56:05,601096.SH,B,4.390,200
112,61,2025-09-17,2025-09-17 14:56:06,300493.SZ,B,21.830,100
113,61,2025-09-17,2025-09-17 14:56:06,002169.SZ,S,7.420,100
114,60,2025-09-17,2025-09-17 14:56:05,601096.SH,B,4.390,500
115,51,2025-09-17,2025-09-17 14:56:09,600118.SH,S,36.510,100
116,59,2025-09-17,2025-09-17 14:56:05,603538.SH,S,23.580,100
117,61,2025-09-17,2025-09-17 14:56:03,002887.SZ,S,9.600,200
118,51,2025-09-17,2025-09-17 14:56:07,300003.SZ,B,18.890,200
119,59,2025-09-17,2025-09-17 14:56:03,002565.SZ,B,7.250,200
120,60,2025-09-17,2025-09-17 14:56:02,600938.SH,B,26.800,1600
121,61,2025-09-17,2025-09-17 14:56:02,601975.SH,B,3.330,200
122,60,2025-09-17,2025-09-17 14:56:02,603228.SH,B,73.170,300
123,61,2025-09-17,2025-09-17 14:56:02,300815.SZ,B,28.180,700
124,59,2025-09-17,2025-09-17 14:56:02,300815.SZ,B,28.180,200
125,61,2025-09-17,2025-09-17 14:56:01,000555.SZ,B,14.170,200
126,49,2025-09-17,2025-09-17 14:56:02,600513.SH,S,20.690,300
127,61,2025-09-17,2025-09-17 14:56:01,600475.SH,B,16.610,100
128,61,2025-09-17,2025-09-17 14:56:01,603538.SH,S,23.580,400
129,51,2025-09-17,2025-09-17 14:56:04,603633.SH,S,12.160,300
130,61,2025-09-17,2025-09-17 14:56:00,603978.SH,S,20.530,100
131,61,2025-09-17,2025-09-17 14:56:00,603153.SH,B,19.630,400
132,61,2025-09-17,2025-09-17 14:56:00,603153.SH,B,19.630,400
133,49,2025-09-17,2025-09-17 14:56:00,600846.SH,S,13.520,300
134,61,2025-09-17,2025-09-17 14:56:01,300438.SZ,S,32.800,200
135,49,2025-09-17,2025-09-17 14:56:00,600353.SH,S,18.060,200
136,61,2025-09-17,2025-09-17 14:56:00,603153.SH,B,19.630,400
137,61,2025-09-17,2025-09-17 14:56:00,600367.SH,S,17.590,100
138,59,2025-09-17,2025-09-17 14:56:01,002284.SZ,B,12.880,200
139,59,2025-09-17,2025-09-17 14:56:01,002284.SZ,B,12.880,200
140,60,2025-09-17,2025-09-17 14:56:00,600026.SH,S,12.720,100
141,60,2025-09-17,2025-09-17 14:56:00,600026.SH,S,12.720,100
142,60,2025-09-17,2025-09-17 14:56:00,600026.SH,S,12.720,2000
143,60,2025-09-17,2025-09-17 14:56:00,600026.SH,S,12.720,500
144,61,2025-09-17,2025-09-17 14:56:00,600406.SH,S,22.410,100
145,60,2025-09-17,2025-09-17 14:56:00,601319.SH,S,8.100,294
146,60,2025-09-17,2025-09-17 14:56:00,601319.SH,S,8.100,100
147,49,2025-09-17,2025-09-17 14:56:00,600406.SH,S,22.410,100
148,61,2025-09-17,2025-09-17 14:56:00,601865.SH,B,18.880,200
149,49,2025-09-17,2025-09-17 14:56:00,600406.SH,S,22.410,100
150,60,2025-09-17,2025-09-17 14:56:00,603659.SH,S,26.640,200
151,60,2025-09-17,2025-09-17 14:56:00,601319.SH,S,8.100,106
152,49,2025-09-17,2025-09-17 14:56:00,600406.SH,S,22.410,100
153,49,2025-09-17,2025-09-17 14:56:00,600935.SH,S,2.610,200
154,49,2025-09-17,2025-09-17 14:56:00,603520.SH,S,12.100,700
155,60,2025-09-17,2025-09-17 14:56:00,600023.SH,S,5.100,3014
156,60,2025-09-17,2025-09-17 14:56:00,600023.SH,S,5.100,1086
157,60,2025-09-17,2025-09-17 14:56:00,600160.SH,S,37.180,200
158,61,2025-09-17,2025-09-17 14:56:00,300382.SZ,B,18.260,700
159,49,2025-09-17,2025-09-17 14:56:00,600406.SH,S,22.410,100
160,61,2025-09-17,2025-09-17 14:56:00,301526.SZ,B,6.840,600
161,49,2025-09-17,2025-09-17 14:56:00,300692.SZ,S,8.150,400
162,49,2025-09-17,2025-09-17 14:56:00,002812.SZ,S,44.360,100
163,60,2025-09-17,2025-09-17 14:56:00,300770.SZ,B,46.480,100
164,49,2025-09-17,2025-09-17 14:56:00,002378.SZ,S,12.960,300
165,61,2025-09-17,2025-09-17 14:56:00,300692.SZ,S,8.150,400
166,61,2025-09-17,2025-09-17 14:56:00,002045.SZ,B,16.840,200
167,49,2025-09-17,2025-09-17 14:56:00,605168.SH,S,31.480,100
168,49,2025-09-17,2025-09-17 14:56:00,300650.SZ,S,17.130,200
169,60,2025-09-17,2025-09-17 14:56:00,000975.SZ,S,21.040,200
170,49,2025-09-17,2025-09-17 14:56:00,300363.SZ,S,27.770,100
171,49,2025-09-17,2025-09-17 14:56:00,300363.SZ,S,27.770,300
172,49,2025-09-17,2025-09-17 14:56:00,300363.SZ,S,27.770,500
173,61,2025-09-17,2025-09-17 14:56:00,003020.SZ,S,29.390,200
174,49,2025-09-17,2025-09-17 14:56:00,300513.SZ,S,9.400,400
175,61,2025-09-17,2025-09-17 14:56:00,002378.SZ,S,12.960,600
176,49,2025-09-17,2025-09-17 14:56:00,002139.SZ,S,15.760,100
177,49,2025-09-17,2025-09-17 14:56:00,300363.SZ,S,27.770,600
178,49,2025-09-17,2025-09-17 14:56:00,002139.SZ,S,15.760,100
179,61,2025-09-17,2025-09-17 14:56:00,300363.SZ,S,27.770,500
180,61,2025-09-17,2025-09-17 14:56:00,601208.SH,S,21.270,900
181,60,2025-09-17,2025-09-17 14:56:00,300450.SZ,S,53.590,100
182,49,2025-09-17,2025-09-17 14:56:00,601208.SH,S,21.270,300
183,49,2025-09-17,2025-09-17 14:56:00,600118.SH,S,36.520,200
184,60,2025-09-17,2025-09-17 14:56:00,600489.SH,S,18.680,300
185,49,2025-09-17,2025-09-17 14:56:00,002415.SZ,S,30.730,100
186,60,2025-09-17,2025-09-17 14:56:00,000603.SZ,B,21.150,600
187,60,2025-09-17,2025-09-17 14:56:00,601818.SH,B,3.550,1300
188,60,2025-09-17,2025-09-17 14:56:00,000603.SZ,B,21.150,100
189,60,2025-09-17,2025-09-17 14:56:00,002475.SZ,S,51.880,100
190,49,2025-09-17,2025-09-17 14:56:00,600031.SH,S,20.990,200
191,60,2025-09-17,2025-09-17 14:56:00,301200.SZ,B,112.430,100
192,61,2025-09-17,2025-09-17 14:56:00,300605.SZ,S,15.720,200
193,61,2025-09-17,2025-09-17 14:56:00,301117.SZ,S,35.090,100
194,59,2025-09-17,2025-09-17 14:56:00,601208.SH,S,21.270,400
195,59,2025-09-17,2025-09-17 14:56:00,002378.SZ,S,12.960,300
196,49,2025-09-17,2025-09-17 14:55:59,600780.SH,S,5.870,100
197,52,2025-09-17,2025-09-17 14:55:56,600221.SH,B,1.710,800
198,51,2025-09-17,2025-09-17 14:55:58,000750.SZ,B,4.870,200
199,49,2025-09-17,2025-09-17 14:55:52,603520.SH,S,12.100,300
200,58,2025-09-17,2025-09-17 14:55:50,002735.SZ,B,16.460,200
201,49,2025-09-17,2025-09-17 14:55:50,002369.SZ,S,10.130,100
202,58,2025-09-17,2025-09-17 14:55:49,688593.SH,B,23.930,200
203,49,2025-09-17,2025-09-17 14:55:44,603089.SH,S,17.310,200
204,49,2025-09-17,2025-09-17 14:55:44,601515.SH,S,4.760,500
205,49,2025-09-17,2025-09-17 14:55:44,601515.SH,S,4.760,200
206,60,2025-09-17,2025-09-17 14:55:43,600026.SH,S,12.720,1000
207,58,2025-09-17,2025-09-17 14:55:43,603153.SH,B,19.610,200
208,60,2025-09-17,2025-09-17 14:55:41,600026.SH,S,12.720,500
209,60,2025-09-17,2025-09-17 14:55:41,600026.SH,S,12.720,900
210,60,2025-09-17,2025-09-17 14:55:40,603228.SH,B,73.020,30
211,60,2025-09-17,2025-09-17 14:55:40,603228.SH,B,73.010,70
212,58,2025-09-17,2025-09-17 14:55:40,300438.SZ,S,32.800,200
213,49,2025-09-17,2025-09-17 14:55:35,002125.SZ,S,14.360,200
214,49,2025-09-17,2025-09-17 14:55:34,600531.SH,S,11.180,1400
215,60,2025-09-17,2025-09-17 14:55:34,601766.SH,B,7.650,900
216,49,2025-09-17,2025-09-17 14:55:34,600531.SH,S,11.180,100
217,60,2025-09-17,2025-09-17 14:55:34,601766.SH,B,7.650,200
218,49,2025-09-17,2025-09-17 14:55:34,600531.SH,S,11.180,300
219,60,2025-09-17,2025-09-17 14:55:34,601766.SH,B,7.650,1400
220,49,2025-09-17,2025-09-17 14:55:34,002548.SZ,S,4.890,1000
221,49,2025-09-17,2025-09-17 14:55:33,601212.SH,S,3.820,1100
222,49,2025-09-17,2025-09-17 14:55:31,002207.SZ,S,7.950,400
223,49,2025-09-17,2025-09-17 14:55:31,002207.SZ,S,7.950,100
224,60,2025-09-17,2025-09-17 14:55:32,603588.SH,B,6.750,100
225,49,2025-09-17,2025-09-17 14:55:31,002207.SZ,S,7.950,100
226,49,2025-09-17,2025-09-17 14:55:30,002072.SZ,S,8.060,500
227,49,2025-09-17,2025-09-17 14:55:28,300761.SZ,S,23.880,400
228,49,2025-09-17,2025-09-17 14:55:27,300009.SZ,S,10.530,400
229,49,2025-09-17,2025-09-17 14:55:26,601003.SH,S,5.430,700
230,49,2025-09-17,2025-09-17 14:55:26,000600.SZ,S,7.390,800
231,49,2025-09-17,2025-09-17 14:55:26,002055.SZ,S,8.430,1000
232,49,2025-09-17,2025-09-17 14:55:26,300092.SZ,S,18.010,200
233,60,2025-09-17,2025-09-17 14:55:25,000703.SZ,B,6.460,200
234,49,2025-09-17,2025-09-17 14:55:25,601288.SH,S,6.950,600
235,49,2025-09-17,2025-09-17 14:55:25,601658.SH,S,6.200,900
236,51,2025-09-17,2025-09-17 14:55:29,300098.SZ,B,6.190,200
237,52,2025-09-17,2025-09-17 14:55:24,688062.SH,B,48.350,204
238,52,2025-09-17,2025-09-17 14:55:22,300363.SZ,S,27.770,200
239,49,2025-09-17,2025-09-17 14:55:22,002468.SZ,S,17.480,300
240,49,2025-09-17,2025-09-17 14:55:22,300388.SZ,S,9.100,900
241,60,2025-09-17,2025-09-17 14:55:21,600026.SH,S,12.720,400
242,52,2025-09-17,2025-09-17 14:50:19,002169.SZ,S,7.420,600
243,60,2025-09-17,2025-09-17 14:55:19,600026.SH,S,12.720,400
244,60,2025-09-17,2025-09-17 14:55:19,601018.SH,B,3.720,3800
245,49,2025-09-17,2025-09-17 14:55:20,002396.SZ,S,31.740,100
246,49,2025-09-17,2025-09-17 14:55:19,601398.SH,S,7.450,81
247,60,2025-09-17,2025-09-17 14:55:19,603228.SH,B,73.000,100
248,49,2025-09-17,2025-09-17 14:55:19,002055.SZ,S,8.430,800
249,49,2025-09-17,2025-09-17 14:55:19,601398.SH,S,7.450,1019
250,49,2025-09-17,2025-09-17 14:55:19,002552.SZ,S,16.800,200
251,49,2025-09-17,2025-09-17 14:55:17,000039.SZ,S,7.950,400
252,58,2025-09-17,2025-09-17 14:55:15,001359.SZ,S,52.590,100
253,49,2025-09-17,2025-09-17 14:55:14,300388.SZ,S,9.100,900
254,61,2025-09-17,2025-09-17 14:55:13,600052.SH,B,5.470,200
255,49,2025-09-17,2025-09-17 14:55:12,300761.SZ,S,23.860,400
256,59,2025-09-17,2025-09-17 14:55:13,600052.SH,B,5.470,200
257,49,2025-09-17,2025-09-17 14:55:11,002020.SZ,S,19.880,200
258,49,2025-09-17,2025-09-17 14:55:10,600795.SH,S,5.180,1300
259,49,2025-09-17,2025-09-17 14:55:10,600795.SH,S,5.180,200
260,49,2025-09-17,2025-09-17 14:55:10,002567.SZ,S,4.960,300
261,49,2025-09-17,2025-09-17 14:55:10,600590.SH,S,9.930,100
262,49,2025-09-17,2025-09-17 14:55:10,600582.SH,S,6.020,700
263,49,2025-09-17,2025-09-17 14:55:10,002204.SZ,S,6.200,200
264,49,2025-09-17,2025-09-17 14:55:10,300737.SZ,S,5.160,300
265,49,2025-09-17,2025-09-17 14:55:09,301365.SZ,S,20.060,100
266,49,2025-09-17,2025-09-17 14:55:09,300034.SZ,S,16.210,100
267,49,2025-09-17,2025-09-17 14:55:09,002913.SZ,S,42.280,100
268,49,2025-09-17,2025-09-17 14:55:08,603633.SH,S,12.160,500
269,60,2025-09-17,2025-09-17 14:55:06,601633.SH,B,25.360,100
270,49,2025-09-17,2025-09-17 14:55:06,000603.SZ,S,21.130,200
271,60,2025-09-17,2025-09-17 14:55:06,601633.SH,B,25.360,100
272,49,2025-09-17,2025-09-17 14:55:06,000603.SZ,S,21.130,100
273,51,2025-09-17,2025-09-17 14:55:09,003816.SZ,B,3.730,900
274,49,2025-09-17,2025-09-17 14:55:05,300438.SZ,S,32.810,100
275,60,2025-09-17,2025-09-17 14:55:03,000600.SZ,S,7.390,300
276,60,2025-09-17,2025-09-17 14:55:03,000600.SZ,S,7.390,400
277,49,2025-09-17,2025-09-17 14:55:02,300682.SZ,S,22.070,200
278,60,2025-09-17,2025-09-17 14:55:01,688009.SH,S,5.360,1100
279,60,2025-09-17,2025-09-17 14:55:00,000568.SZ,B,136.960,100
280,60,2025-09-17,2025-09-17 14:54:58,600780.SH,S,5.860,800
281,49,2025-09-17,2025-09-17 14:54:58,000597.SZ,S,5.640,300
282,49,2025-09-17,2025-09-17 14:54:57,603863.SH,S,22.160,200
283,49,2025-09-17,2025-09-17 14:54:56,603989.SH,S,19.700,200
284,60,2025-09-17,2025-09-17 14:54:56,002048.SZ,S,34.270,600
285,60,2025-09-17,2025-09-17 14:54:56,601003.SH,S,5.430,800
286,49,2025-09-17,2025-09-17 14:54:55,603131.SH,S,22.150,200
287,49,2025-09-17,2025-09-17 14:54:54,002436.SZ,S,22.290,47
288,49,2025-09-17,2025-09-17 14:54:55,603360.SH,S,24.810,200
289,49,2025-09-17,2025-09-17 14:54:54,002436.SZ,S,22.290,353
290,49,2025-09-17,2025-09-17 14:54:52,002475.SZ,S,51.900,200
291,60,2025-09-17,2025-09-17 14:54:53,000672.SZ,B,8.700,700
292,49,2025-09-17,2025-09-17 14:54:52,688218.SH,S,27.530,237
293,49,2025-09-17,2025-09-17 14:54:52,688779.SH,S,7.490,157
294,52,2025-09-17,2025-09-17 14:52:17,003816.SZ,B,3.730,800
295,49,2025-09-17,2025-09-17 14:54:51,000757.SZ,S,5.510,800
296,49,2025-09-17,2025-09-17 14:54:51,000757.SZ,S,5.510,7600
297,49,2025-09-17,2025-09-17 14:54:49,002858.SZ,S,16.040,300
298,49,2025-09-17,2025-09-17 14:54:47,600475.SH,S,16.600,100
299,49,2025-09-17,2025-09-17 14:54:47,601766.SH,S,7.640,1500
300,58,2025-09-17,2025-09-17 14:54:46,002575.SZ,B,8.880,400
301,49,2025-09-17,2025-09-17 14:54:45,603818.SH,S,4.120,100
302,49,2025-09-17,2025-09-17 14:54:45,603818.SH,S,4.120,200
303,49,2025-09-17,2025-09-17 14:54:45,002725.SZ,S,14.530,100
304,49,2025-09-17,2025-09-17 14:54:45,000333.SZ,S,74.400,200
305,58,2025-09-17,2025-09-17 14:54:43,601865.SH,B,18.870,100
306,60,2025-09-17,2025-09-17 14:54:43,301377.SZ,B,85.080,100
307,60,2025-09-17,2025-09-17 14:54:43,601899.SH,B,25.080,500
308,60,2025-09-17,2025-09-17 14:54:42,600795.SH,B,5.190,1100
309,58,2025-09-17,2025-09-17 14:54:43,002163.SZ,B,10.160,300
310,58,2025-09-17,2025-09-17 14:54:42,300692.SZ,S,8.160,300
311,49,2025-09-17,2025-09-17 14:54:41,000782.SZ,S,6.290,300
312,49,2025-09-17,2025-09-17 14:54:41,002741.SZ,S,22.970,400
313,58,2025-09-17,2025-09-17 14:54:41,300098.SZ,B,6.190,300
314,51,2025-09-17,2025-09-17 14:54:44,002378.SZ,S,12.960,100
315,49,2025-09-17,2025-09-17 14:54:40,002150.SZ,S,15.890,300
316,49,2025-09-17,2025-09-17 14:54:39,601818.SH,S,3.540,1300
317,60,2025-09-17,2025-09-17 14:54:39,600795.SH,B,5.190,1100
318,58,2025-09-17,2025-09-17 14:54:39,300642.SZ,S,24.620,300
319,49,2025-09-17,2025-09-17 14:54:39,603032.SH,S,22.510,400
320,49,2025-09-17,2025-09-17 14:54:39,300642.SZ,S,24.620,200
321,60,2025-09-17,2025-09-17 14:54:37,600795.SH,B,5.190,1000
322,49,2025-09-17,2025-09-17 14:54:37,000510.SZ,S,5.290,100
323,60,2025-09-17,2025-09-17 14:54:37,600795.SH,B,5.190,100
324,49,2025-09-17,2025-09-17 14:54:36,601818.SH,S,3.540,900
325,60,2025-09-17,2025-09-17 14:54:36,600582.SH,B,6.030,100
326,49,2025-09-17,2025-09-17 14:54:36,300835.SZ,S,64.800,100
327,60,2025-09-17,2025-09-17 14:54:35,301377.SZ,B,85.110,100
328,52,2025-09-17,2025-09-17 14:48:27,002607.SZ,B,3.030,800
329,60,2025-09-17,2025-09-17 14:54:34,301377.SZ,B,85.080,200
330,60,2025-09-17,2025-09-17 14:54:32,600866.SH,S,7.530,1000
331,60,2025-09-17,2025-09-17 14:54:32,300770.SZ,B,46.460,100
332,49,2025-09-17,2025-09-17 14:54:31,002265.SZ,S,31.110,100
333,49,2025-09-17,2025-09-17 14:54:31,002265.SZ,S,31.110,100
334,49,2025-09-17,2025-09-17 14:54:31,002265.SZ,S,31.110,200
335,51,2025-09-17,2025-09-17 14:54:32,002065.SZ,B,9.870,200
336,60,2025-09-17,2025-09-17 14:54:27,600010.SH,B,2.480,500
337,49,2025-09-17,2025-09-17 14:54:28,601872.SH,S,8.910,1000
338,49,2025-09-17,2025-09-17 14:54:28,300068.SZ,S,19.890,300
339,58,2025-09-17,2025-09-17 14:54:25,601975.SH,B,3.320,200
340,49,2025-09-17,2025-09-17 14:54:25,300450.SZ,S,53.710,300
341,51,2025-09-17,2025-09-17 14:54:29,000757.SZ,S,5.510,200
342,58,2025-09-17,2025-09-17 14:54:24,300382.SZ,B,18.260,600
343,60,2025-09-17,2025-09-17 14:54:24,002812.SZ,S,44.300,800
344,60,2025-09-17,2025-09-17 14:54:24,002812.SZ,S,44.300,100
345,52,2025-09-17,2025-09-17 14:54:24,002276.SZ,B,18.070,200
346,60,2025-09-17,2025-09-17 14:54:24,300049.SZ,B,87.790,100
347,60,2025-09-17,2025-09-17 14:54:23,300049.SZ,B,87.790,200
348,51,2025-09-17,2025-09-17 14:54:27,000757.SZ,S,5.510,300
349,58,2025-09-17,2025-09-17 14:54:23,300363.SZ,S,27.780,400
350,60,2025-09-17,2025-09-17 14:54:22,603508.SH,B,33.150,300
351,58,2025-09-17,2025-09-17 14:54:21,301526.SZ,B,6.840,300
352,60,2025-09-17,2025-09-17 14:54:21,000568.SZ,B,136.970,100
353,60,2025-09-17,2025-09-17 14:54:20,002064.SZ,S,8.970,200
354,60,2025-09-17,2025-09-17 14:54:20,002064.SZ,S,8.970,300
355,60,2025-09-17,2025-09-17 14:54:20,002064.SZ,S,8.970,100
356,60,2025-09-17,2025-09-17 14:54:20,002064.SZ,S,8.970,100
357,60,2025-09-17,2025-09-17 14:54:20,002064.SZ,S,8.970,200
358,60,2025-09-17,2025-09-17 14:54:20,002064.SZ,S,8.970,500
359,60,2025-09-17,2025-09-17 14:54:20,002064.SZ,S,8.970,100
360,60,2025-09-17,2025-09-17 14:54:20,002064.SZ,S,8.970,100
361,60,2025-09-17,2025-09-17 14:54:20,002064.SZ,S,8.970,100
362,60,2025-09-17,2025-09-17 14:54:20,002064.SZ,S,8.970,100
363,60,2025-09-17,2025-09-17 14:54:20,002064.SZ,S,8.970,100
364,60,2025-09-17,2025-09-17 14:54:20,002064.SZ,S,8.970,100
365,60,2025-09-17,2025-09-17 14:54:18,605168.SH,B,31.490,100
366,52,2025-09-17,2025-09-17 14:54:18,000021.SZ,B,21.670,200
367,51,2025-09-17,2025-09-17 14:54:19,603993.SH,B,12.780,900
368,51,2025-09-17,2025-09-17 14:54:18,002548.SZ,S,4.890,3000
369,58,2025-09-17,2025-09-17 14:54:11,600785.SH,B,14.800,100
370,60,2025-09-17,2025-09-17 14:54:12,000568.SZ,B,136.960,100
371,49,2025-09-17,2025-09-17 14:54:10,600152.SH,S,7.070,1000
372,49,2025-09-17,2025-09-17 14:54:10,300491.SZ,S,34.170,100
373,49,2025-09-17,2025-09-17 14:54:09,002555.SZ,S,23.040,1200
374,60,2025-09-17,2025-09-17 14:54:08,000776.SZ,B,21.200,200
375,58,2025-09-17,2025-09-17 14:54:07,600353.SH,S,18.040,100
376,60,2025-09-17,2025-09-17 14:54:08,603228.SH,B,72.980,100
377,60,2025-09-17,2025-09-17 14:54:07,000975.SZ,S,21.030,600
378,58,2025-09-17,2025-09-17 14:54:06,300204.SZ,B,36.910,200
379,60,2025-09-17,2025-09-17 14:54:06,002317.SZ,B,20.100,300
380,49,2025-09-17,2025-09-17 14:54:07,600973.SH,S,5.290,300
381,60,2025-09-17,2025-09-17 14:54:06,002317.SZ,B,20.100,100
382,49,2025-09-17,2025-09-17 14:54:07,600973.SH,S,5.290,200
383,60,2025-09-17,2025-09-17 14:54:06,601398.SH,B,7.450,400
384,52,2025-09-17,2025-09-17 14:54:06,600353.SH,S,18.040,100
385,49,2025-09-17,2025-09-17 14:54:06,600152.SH,S,7.070,400
386,49,2025-09-17,2025-09-17 14:54:06,600063.SH,S,5.980,100
387,60,2025-09-17,2025-09-17 14:54:05,301196.SZ,B,113.180,100
388,49,2025-09-17,2025-09-17 14:54:06,600063.SH,S,5.980,400
389,51,2025-09-17,2025-09-17 14:54:09,601975.SH,S,3.320,200
390,51,2025-09-17,2025-09-17 14:54:08,601777.SH,B,11.850,200
391,58,2025-09-17,2025-09-17 14:54:05,603538.SH,S,23.580,300
392,49,2025-09-17,2025-09-17 14:54:05,600063.SH,S,5.980,100
393,52,2025-09-17,2025-09-17 14:50:24,603538.SH,S,23.580,100
394,49,2025-09-17,2025-09-17 14:54:02,601975.SH,S,3.320,1200
395,49,2025-09-17,2025-09-17 14:54:02,601975.SH,S,3.320,100
396,49,2025-09-17,2025-09-17 14:54:01,601975.SH,S,3.320,2800
397,49,2025-09-17,2025-09-17 14:54:01,601975.SH,S,3.320,700
398,49,2025-09-17,2025-09-17 14:54:01,601975.SH,S,3.320,1000
399,49,2025-09-17,2025-09-17 14:54:01,601975.SH,S,3.320,300
400,49,2025-09-17,2025-09-17 14:54:01,601975.SH,S,3.320,200
401,49,2025-09-17,2025-09-17 14:54:01,601975.SH,S,3.320,100
402,49,2025-09-17,2025-09-17 14:54:01,601975.SH,S,3.320,1200
403,49,2025-09-17,2025-09-17 14:54:01,601975.SH,S,3.320,100
404,49,2025-09-17,2025-09-17 14:54:00,601975.SH,S,3.320,300
405,61,2025-09-17,2025-09-17 14:54:00,002565.SZ,B,7.240,100
406,49,2025-09-17,2025-09-17 14:53:55,000988.SZ,S,85.390,200
407,49,2025-09-17,2025-09-17 14:53:53,601778.SH,S,3.960,209
408,49,2025-09-17,2025-09-17 14:53:51,601778.SH,S,3.960,500
409,60,2025-09-17,2025-09-17 14:53:50,600415.SH,B,19.620,200
410,60,2025-09-17,2025-09-17 14:53:50,600415.SH,B,19.620,100
411,49,2025-09-17,2025-09-17 14:53:50,601778.SH,S,3.960,2491
412,49,2025-09-17,2025-09-17 14:53:50,605196.SH,S,26.530,200
413,60,2025-09-17,2025-09-17 14:53:46,300450.SZ,S,53.760,100
414,58,2025-09-17,2025-09-17 14:53:44,001269.SZ,B,27.590,100
415,49,2025-09-17,2025-09-17 14:53:43,600863.SH,S,4.140,45
416,60,2025-09-17,2025-09-17 14:53:41,000877.SZ,B,6.470,900
417,60,2025-09-17,2025-09-17 14:53:40,600188.SH,B,13.620,300
418,51,2025-09-17,2025-09-17 14:53:43,601658.SH,B,6.200,200
419,60,2025-09-17,2025-09-17 14:53:39,603969.SH,S,9.920,300
420,60,2025-09-17,2025-09-17 14:53:39,603969.SH,S,9.920,600
421,60,2025-09-17,2025-09-17 14:53:39,603969.SH,S,9.920,300
422,60,2025-09-17,2025-09-17 14:53:38,603969.SH,S,9.920,600
423,60,2025-09-17,2025-09-17 14:53:36,000767.SZ,B,3.140,300
424,60,2025-09-17,2025-09-17 14:53:35,002558.SZ,B,45.380,100
425,49,2025-09-17,2025-09-17 14:53:35,600863.SH,S,4.140,55
426,60,2025-09-17,2025-09-17 14:53:35,603969.SH,S,9.920,200
427,58,2025-09-17,2025-09-17 14:53:34,300465.SZ,S,24.270,100
428,51,2025-09-17,2025-09-17 14:53:37,003020.SZ,S,29.420,100
429,49,2025-09-17,2025-09-17 14:53:29,300094.SZ,S,3.870,5200
430,49,2025-09-17,2025-09-17 14:53:25,002551.SZ,S,4.360,300
431,52,2025-09-17,2025-09-17 14:53:23,300591.SZ,B,9.800,200
432,60,2025-09-17,2025-09-17 14:53:22,002142.SZ,B,27.030,100
433,60,2025-09-17,2025-09-17 14:53:22,002142.SZ,B,27.030,100
434,60,2025-09-17,2025-09-17 14:53:22,002807.SZ,S,4.720,1100
435,58,2025-09-17,2025-09-17 14:53:21,002317.SZ,B,20.100,100
436,52,2025-09-17,2025-09-17 14:53:01,300568.SZ,B,14.080,400
437,49,2025-09-17,2025-09-17 14:53:18,601101.SH,S,7.540,400
438,49,2025-09-17,2025-09-17 14:53:16,002036.SZ,S,11.900,500
439,49,2025-09-17,2025-09-17 14:53:16,600016.SH,S,4.100,2900
440,52,2025-09-17,2025-09-17 14:51:11,600693.SH,B,6.340,1400
441,49,2025-09-17,2025-09-17 14:53:13,600578.SH,S,4.380,500
442,49,2025-09-17,2025-09-17 14:53:07,002370.SZ,S,6.090,600
443,58,2025-09-17,2025-09-17 14:53:07,002212.SZ,B,10.130,100
444,59,2025-09-17,2025-09-17 14:53:05,600266.SH,S,5.400,100
445,58,2025-09-17,2025-09-17 14:53:05,002169.SZ,S,7.410,900
446,58,2025-09-17,2025-09-17 14:53:04,601872.SH,B,8.920,100
447,52,2025-09-17,2025-09-17 14:53:03,603153.SH,B,19.600,200
448,49,2025-09-17,2025-09-17 14:53:03,300158.SZ,S,7.400,700
449,52,2025-09-17,2025-09-17 14:53:01,603011.SH,B,16.780,200
450,49,2025-09-17,2025-09-17 14:53:01,002807.SZ,S,4.720,100
451,49,2025-09-17,2025-09-17 14:53:00,603328.SH,S,11.970,100
452,49,2025-09-17,2025-09-17 14:53:00,603328.SH,S,11.970,100
453,49,2025-09-17,2025-09-17 14:53:00,603328.SH,S,11.970,100
454,49,2025-09-17,2025-09-17 14:53:00,603328.SH,S,11.970,100
455,49,2025-09-17,2025-09-17 14:53:00,603328.SH,S,11.970,100
456,49,2025-09-17,2025-09-17 14:53:00,603328.SH,S,11.970,100
457,49,2025-09-17,2025-09-17 14:53:00,603328.SH,S,11.970,100
458,49,2025-09-17,2025-09-17 14:53:00,603328.SH,S,11.970,100
459,49,2025-09-17,2025-09-17 14:53:00,603328.SH,S,11.970,100
460,49,2025-09-17,2025-09-17 14:53:00,603328.SH,S,11.970,100
461,49,2025-09-17,2025-09-17 14:53:00,603328.SH,S,11.970,100
462,52,2025-09-17,2025-09-17 14:50:54,300324.SZ,B,7.580,800
463,49,2025-09-17,2025-09-17 14:52:57,000561.SZ,S,11.420,100
464,49,2025-09-17,2025-09-17 14:52:57,300475.SZ,S,78.420,200
465,49,2025-09-17,2025-09-17 14:52:56,300475.SZ,S,78.420,100
466,60,2025-09-17,2025-09-17 14:52:53,601101.SH,B,7.540,500
467,49,2025-09-17,2025-09-17 14:52:51,600395.SH,S,5.290,400
468,60,2025-09-17,2025-09-17 14:52:51,600395.SH,S,5.290,1000
469,58,2025-09-17,2025-09-17 14:52:49,002072.SZ,B,8.070,100
470,49,2025-09-17,2025-09-17 14:52:42,603698.SH,S,20.010,600
471,49,2025-09-17,2025-09-17 14:52:41,600267.SH,S,10.580,1000
472,61,2025-09-17,2025-09-17 14:52:38,300795.SZ,B,15.680,100
473,58,2025-09-17,2025-09-17 14:52:39,603978.SH,S,20.570,100
474,52,2025-09-17,2025-09-17 14:52:38,603978.SH,S,20.570,100
475,49,2025-09-17,2025-09-17 14:52:31,600011.SH,S,7.510,400
476,60,2025-09-17,2025-09-17 14:52:27,601101.SH,B,7.540,400
477,58,2025-09-17,2025-09-17 14:52:27,000826.SZ,B,2.280,200
478,60,2025-09-17,2025-09-17 14:52:26,000568.SZ,B,136.930,100
479,60,2025-09-17,2025-09-17 14:52:18,300304.SZ,B,14.630,500
480,51,2025-09-17,2025-09-17 14:52:21,603330.SH,S,7.980,200
481,49,2025-09-17,2025-09-17 14:52:16,600011.SH,S,7.510,800
482,49,2025-09-17,2025-09-17 14:52:13,300232.SZ,S,8.560,200
483,49,2025-09-17,2025-09-17 14:52:12,600011.SH,S,7.510,600
484,60,2025-09-17,2025-09-17 14:52:11,600331.SH,B,11.330,900
485,60,2025-09-17,2025-09-17 14:52:11,600331.SH,B,11.330,200
486,60,2025-09-17,2025-09-17 14:52:09,600547.SH,B,37.400,300
487,60,2025-09-17,2025-09-17 14:52:09,600011.SH,S,7.510,6000
488,49,2025-09-17,2025-09-17 14:52:09,600011.SH,S,7.510,400
489,60,2025-09-17,2025-09-17 14:52:07,002555.SZ,S,23.030,300
490,60,2025-09-17,2025-09-17 14:52:07,002555.SZ,S,23.030,100
491,60,2025-09-17,2025-09-17 14:52:07,002555.SZ,S,23.030,400
492,49,2025-09-17,2025-09-17 14:52:07,688538.SH,S,2.850,57
493,52,2025-09-17,2025-09-17 14:52:06,600249.SH,S,6.250,500
494,60,2025-09-17,2025-09-17 14:52:05,600331.SH,B,11.320,300
495,59,2025-09-17,2025-09-17 14:52:05,002256.SZ,B,3.260,1400
496,60,2025-09-17,2025-09-17 14:52:05,002683.SZ,B,41.090,200
497,49,2025-09-17,2025-09-17 14:52:02,300432.SZ,S,16.290,300
498,51,2025-09-17,2025-09-17 14:52:02,002607.SZ,B,3.030,500
499,49,2025-09-17,2025-09-17 14:51:59,601319.SH,S,8.100,1700
500,60,2025-09-17,2025-09-17 14:51:57,301377.SZ,B,85.140,100
501,49,2025-09-17,2025-09-17 14:51:57,300456.SZ,S,25.110,200
502,49,2025-09-17,2025-09-17 14:51:56,002355.SZ,S,6.220,1000
503,60,2025-09-17,2025-09-17 14:51:55,002460.SZ,S,49.900,200
504,49,2025-09-17,2025-09-17 14:51:55,002460.SZ,S,49.900,200
505,60,2025-09-17,2025-09-17 14:51:55,002460.SZ,S,49.900,100
506,49,2025-09-17,2025-09-17 14:51:54,601225.SH,S,20.790,200
507,49,2025-09-17,2025-09-17 14:51:54,601225.SH,S,20.790,300
508,52,2025-09-17,2025-09-17 14:51:53,002340.SZ,B,7.590,200
509,58,2025-09-17,2025-09-17 14:51:52,002636.SZ,B,13.290,100
510,59,2025-09-17,2025-09-17 14:51:51,002575.SZ,B,8.890,400
511,58,2025-09-17,2025-09-17 14:51:51,688472.SH,B,12.160,184
512,58,2025-09-17,2025-09-17 14:51:51,688472.SH,B,12.160,16
513,49,2025-09-17,2025-09-17 14:51:49,002460.SZ,S,49.900,100
514,60,2025-09-17,2025-09-17 14:51:49,002460.SZ,S,49.900,100
515,58,2025-09-17,2025-09-17 14:51:50,600684.SH,S,6.350,600
516,49,2025-09-17,2025-09-17 14:51:42,601818.SH,S,3.540,900
517,59,2025-09-17,2025-09-17 14:51:40,002169.SZ,S,7.410,400
518,52,2025-09-17,2025-09-17 14:50:25,600105.SH,B,10.960,600
519,52,2025-09-17,2025-09-17 14:51:18,000009.SZ,B,10.690,200
520,49,2025-09-17,2025-09-17 14:51:34,300950.SZ,S,32.540,200
521,61,2025-09-17,2025-09-17 14:51:33,002607.SZ,B,3.030,1800
522,49,2025-09-17,2025-09-17 14:51:32,001359.SZ,S,52.650,100
523,49,2025-09-17,2025-09-17 14:51:32,002805.SZ,S,14.090,300
524,49,2025-09-17,2025-09-17 14:51:32,600320.SH,S,4.500,100
525,49,2025-09-17,2025-09-17 14:51:32,600320.SH,S,4.500,300
526,61,2025-09-17,2025-09-17 14:51:31,002315.SZ,B,48.050,100
527,49,2025-09-17,2025-09-17 14:51:30,002081.SZ,S,3.680,100
528,49,2025-09-17,2025-09-17 14:51:30,001359.SZ,S,52.650,100
529,49,2025-09-17,2025-09-17 14:51:29,002042.SZ,S,5.570,200
530,49,2025-09-17,2025-09-17 14:51:27,600309.SH,S,67.060,100
531,49,2025-09-17,2025-09-17 14:51:27,600036.SH,S,41.730,300
532,49,2025-09-17,2025-09-17 14:51:27,603115.SH,S,18.600,100
533,58,2025-09-17,2025-09-17 14:51:22,002392.SZ,B,10.020,100
534,58,2025-09-17,2025-09-17 14:51:21,002323.SZ,B,2.050,200
535,49,2025-09-17,2025-09-17 14:51:20,002733.SZ,S,20.740,200
536,49,2025-09-17,2025-09-17 14:51:19,000970.SZ,S,14.310,400
537,51,2025-09-17,2025-09-17 14:51:22,002036.SZ,B,11.890,300
538,51,2025-09-17,2025-09-17 14:51:21,601872.SH,S,8.910,60
539,51,2025-09-17,2025-09-17 14:51:21,601872.SH,S,8.910,140
540,49,2025-09-17,2025-09-17 14:51:18,603878.SH,S,7.120,2200
541,49,2025-09-17,2025-09-17 14:51:18,603878.SH,S,7.120,1300
542,49,2025-09-17,2025-09-17 14:51:18,603878.SH,S,7.120,500
543,49,2025-09-17,2025-09-17 14:51:18,603878.SH,S,7.120,1600
544,58,2025-09-17,2025-09-17 14:51:18,688223.SH,B,5.480,1206
545,49,2025-09-17,2025-09-17 14:51:17,002722.SZ,S,16.620,200
546,49,2025-09-17,2025-09-17 14:51:17,603115.SH,S,18.600,200
547,49,2025-09-17,2025-09-17 14:51:17,000539.SZ,S,4.690,100
548,60,2025-09-17,2025-09-17 14:51:14,300098.SZ,B,6.190,600
549,49,2025-09-17,2025-09-17 14:51:11,301511.SZ,S,36.970,100
550,58,2025-09-17,2025-09-17 14:51:09,300678.SZ,B,36.850,100
551,58,2025-09-17,2025-09-17 14:51:09,300678.SZ,B,36.840,100
552,58,2025-09-17,2025-09-17 14:51:08,300438.SZ,S,32.820,100
553,58,2025-09-17,2025-09-17 14:51:08,300795.SZ,B,15.680,100
554,58,2025-09-17,2025-09-17 14:51:08,300438.SZ,S,32.820,200
555,52,2025-09-17,2025-09-17 14:51:07,300438.SZ,S,32.820,100
556,51,2025-09-17,2025-09-17 14:51:07,601696.SH,S,15.230,100
557,60,2025-09-17,2025-09-17 14:51:02,600331.SH,B,11.320,400
558,49,2025-09-17,2025-09-17 14:51:01,601998.SH,S,7.600,100
559,49,2025-09-17,2025-09-17 14:51:01,601998.SH,S,7.600,700
560,49,2025-09-17,2025-09-17 14:51:00,605577.SH,S,14.320,200
561,49,2025-09-17,2025-09-17 14:51:00,601717.SH,S,23.400,300
562,49,2025-09-17,2025-09-17 14:51:00,605577.SH,S,14.320,100
563,49,2025-09-17,2025-09-17 14:51:00,600367.SH,S,17.610,100
564,49,2025-09-17,2025-09-17 14:51:00,600367.SH,S,17.610,200
565,58,2025-09-17,2025-09-17 14:51:00,603328.SH,B,11.960,100
566,49,2025-09-17,2025-09-17 14:50:59,300008.SZ,S,6.460,100
567,58,2025-09-17,2025-09-17 14:50:58,002887.SZ,S,9.610,100
568,49,2025-09-17,2025-09-17 14:50:57,603903.SH,S,10.870,300
569,49,2025-09-17,2025-09-17 14:50:54,600210.SH,S,7.520,900
570,52,2025-09-17,2025-09-17 14:50:48,002291.SZ,B,6.410,600
571,49,2025-09-17,2025-09-17 14:50:46,000100.SZ,S,4.370,2800
572,52,2025-09-17,2025-09-17 14:50:31,300015.SZ,B,12.850,200
573,60,2025-09-17,2025-09-17 14:50:41,601988.SH,S,5.400,1500
574,61,2025-09-17,2025-09-17 14:50:41,000757.SZ,B,5.500,200
575,59,2025-09-17,2025-09-17 14:50:38,000702.SZ,S,7.880,100
576,49,2025-09-17,2025-09-17 14:50:37,000933.SZ,S,19.750,300
577,49,2025-09-17,2025-09-17 14:50:36,002657.SZ,S,35.660,300
578,60,2025-09-17,2025-09-17 14:50:34,601339.SH,S,5.490,800
579,49,2025-09-17,2025-09-17 14:50:34,000791.SZ,S,6.580,200
580,49,2025-09-17,2025-09-17 14:50:34,000791.SZ,S,6.580,200
581,49,2025-09-17,2025-09-17 14:50:34,000791.SZ,S,6.580,200
582,59,2025-09-17,2025-09-17 14:50:33,300363.SZ,S,27.780,100
583,49,2025-09-17,2025-09-17 14:50:31,603399.SH,S,9.920,100
584,49,2025-09-17,2025-09-17 14:50:31,600733.SH,S,8.560,600
585,49,2025-09-17,2025-09-17 14:50:30,600819.SH,S,7.150,800
586,49,2025-09-17,2025-09-17 14:50:28,002465.SZ,S,13.330,100
587,49,2025-09-17,2025-09-17 14:50:27,688062.SH,S,48.280,110
588,49,2025-09-17,2025-09-17 14:50:27,688062.SH,S,48.280,57
589,49,2025-09-17,2025-09-17 14:50:24,300994.SZ,S,19.500,100
590,49,2025-09-17,2025-09-17 14:50:22,003019.SZ,S,41.900,200
591,52,2025-09-17,2025-09-17 14:49:45,000833.SZ,B,14.570,200
592,52,2025-09-17,2025-09-17 14:50:21,600933.SH,B,22.670,1000
593,49,2025-09-17,2025-09-17 14:50:19,300153.SZ,S,39.290,100
594,49,2025-09-17,2025-09-17 14:50:20,601881.SH,S,17.350,100
595,49,2025-09-17,2025-09-17 14:50:19,002073.SZ,S,8.890,400
596,60,2025-09-17,2025-09-17 14:50:19,600331.SH,B,11.330,500
597,60,2025-09-17,2025-09-17 14:50:18,600331.SH,B,11.330,100
598,49,2025-09-17,2025-09-17 14:50:18,688173.SH,S,16.450,77
599,60,2025-09-17,2025-09-17 14:50:18,600331.SH,B,11.330,200
600,59,2025-09-17,2025-09-17 14:50:17,000603.SZ,B,21.110,200
601,49,2025-09-17,2025-09-17 14:50:16,300347.SZ,S,60.100,100
602,60,2025-09-17,2025-09-17 14:50:16,600331.SH,B,11.330,100
603,60,2025-09-17,2025-09-17 14:50:16,600331.SH,B,11.330,200
604,60,2025-09-17,2025-09-17 14:50:13,600331.SH,B,11.330,100
605,49,2025-09-17,2025-09-17 14:50:12,002174.SZ,S,12.580,1800
606,58,2025-09-17,2025-09-17 14:50:11,300094.SZ,B,3.870,100
607,52,2025-09-17,2025-09-17 14:50:06,601012.SH,B,17.290,100
608,49,2025-09-17,2025-09-17 14:50:07,000980.SZ,S,3.620,2400
609,49,2025-09-17,2025-09-17 14:50:07,002100.SZ,S,7.950,500
610,49,2025-09-17,2025-09-17 14:50:06,000061.SZ,S,9.070,2500
611,49,2025-09-17,2025-09-17 14:50:06,000657.SZ,S,18.810,200
612,52,2025-09-17,2025-09-17 14:50:06,601012.SH,B,17.290,100
613,60,2025-09-17,2025-09-17 14:50:05,300724.SZ,S,98.610,100
614,49,2025-09-17,2025-09-17 14:50:05,301193.SZ,S,20.840,100
615,49,2025-09-17,2025-09-17 14:50:04,601878.SH,S,11.820,100
616,58,2025-09-17,2025-09-17 14:50:03,600367.SH,S,17.600,100
617,49,2025-09-17,2025-09-17 14:50:02,000068.SZ,S,3.800,400
618,49,2025-09-17,2025-09-17 14:50:00,002177.SZ,S,8.100,300
619,49,2025-09-17,2025-09-17 14:50:00,002258.SZ,S,12.230,300
620,58,2025-09-17,2025-09-17 14:50:00,002284.SZ,B,12.880,900
621,52,2025-09-17,2025-09-17 14:49:15,000803.SZ,S,7.450,100
622,49,2025-09-17,2025-09-17 14:49:58,002887.SZ,S,9.620,500
623,52,2025-09-17,2025-09-17 14:49:57,601319.SH,B,8.100,600
624,49,2025-09-17,2025-09-17 14:49:53,603381.SH,S,24.470,300
625,49,2025-09-17,2025-09-17 14:49:53,002548.SZ,S,4.890,2200
626,49,2025-09-17,2025-09-17 14:49:50,002701.SZ,S,5.770,100
627,49,2025-09-17,2025-09-17 14:49:49,603456.SH,S,20.280,400
628,49,2025-09-17,2025-09-17 14:49:46,600019.SH,S,6.930,1300
629,59,2025-09-17,2025-09-17 14:49:46,300692.SZ,S,8.160,100
630,58,2025-09-17,2025-09-17 14:49:45,300493.SZ,B,21.850,100
631,58,2025-09-17,2025-09-17 14:49:44,300218.SZ,B,19.820,300
632,59,2025-09-17,2025-09-17 14:49:43,300605.SZ,S,15.740,100
633,58,2025-09-17,2025-09-17 14:49:43,300605.SZ,S,15.740,100
634,52,2025-09-17,2025-09-17 14:46:20,000757.SZ,S,5.510,100
635,49,2025-09-17,2025-09-17 14:49:41,601179.SH,S,6.530,100
636,52,2025-09-17,2025-09-17 14:49:40,603993.SH,B,12.770,200
637,52,2025-09-17,2025-09-17 14:49:40,600986.SH,B,8.660,800
638,49,2025-09-17,2025-09-17 14:49:40,300083.SZ,S,11.160,200
639,52,2025-09-17,2025-09-17 14:48:52,002284.SZ,B,12.880,200
640,52,2025-09-17,2025-09-17 14:49:18,688593.SH,B,23.990,200
641,49,2025-09-17,2025-09-17 14:49:35,600928.SH,S,4.170,300
642,59,2025-09-17,2025-09-17 14:49:34,603011.SH,B,16.790,400
643,60,2025-09-17,2025-09-17 14:49:32,603228.SH,B,73.160,200
644,60,2025-09-17,2025-09-17 14:49:32,000603.SZ,B,21.120,200
645,61,2025-09-17,2025-09-17 14:49:32,603969.SH,B,9.930,100
646,60,2025-09-17,2025-09-17 14:49:32,605305.SH,S,38.280,100
647,59,2025-09-17,2025-09-17 14:49:31,002548.SZ,S,4.890,400
648,59,2025-09-17,2025-09-17 14:49:31,002548.SZ,S,4.890,100
649,59,2025-09-17,2025-09-17 14:49:31,002548.SZ,S,4.890,100
650,59,2025-09-17,2025-09-17 14:49:31,002548.SZ,S,4.890,400
651,59,2025-09-17,2025-09-17 14:49:31,002548.SZ,S,4.890,200
652,59,2025-09-17,2025-09-17 14:49:31,002548.SZ,S,4.890,600
653,59,2025-09-17,2025-09-17 14:49:31,002548.SZ,S,4.890,300
654,60,2025-09-17,2025-09-17 14:49:29,301200.SZ,B,112.050,100
655,60,2025-09-17,2025-09-17 14:49:27,000513.SZ,S,39.680,200
656,58,2025-09-17,2025-09-17 14:49:27,300197.SZ,B,2.470,1200
657,58,2025-09-17,2025-09-17 14:49:27,300197.SZ,B,2.470,1200
658,58,2025-09-17,2025-09-17 14:49:27,300197.SZ,B,2.470,300
659,58,2025-09-17,2025-09-17 14:49:27,688225.SH,B,20.410,725
660,58,2025-09-17,2025-09-17 14:49:27,300197.SZ,B,2.470,300
661,58,2025-09-17,2025-09-17 14:49:27,688593.SH,B,24.000,600
662,61,2025-09-17,2025-09-17 14:49:27,300197.SZ,B,2.470,400
663,61,2025-09-17,2025-09-17 14:49:27,300197.SZ,B,2.470,1200
664,61,2025-09-17,2025-09-17 14:49:27,300197.SZ,B,2.470,2200
665,60,2025-09-17,2025-09-17 14:49:26,300289.SZ,S,7.970,2700
666,49,2025-09-17,2025-09-17 14:49:27,300593.SZ,S,18.310,200
667,52,2025-09-17,2025-09-17 14:49:25,300197.SZ,B,2.470,700
668,49,2025-09-17,2025-09-17 14:49:25,003019.SZ,S,41.960,200
669,49,2025-09-17,2025-09-17 14:49:26,600887.SH,S,28.050,100
670,58,2025-09-17,2025-09-17 14:49:25,002548.SZ,S,4.890,9100
671,52,2025-09-17,2025-09-17 14:49:25,300197.SZ,B,2.470,700
672,52,2025-09-17,2025-09-17 14:49:25,002548.SZ,S,4.890,1500
673,49,2025-09-17,2025-09-17 14:49:24,600704.SH,S,5.960,300
674,52,2025-09-17,2025-09-17 14:49:23,688593.SH,B,24.000,200
675,49,2025-09-17,2025-09-17 14:49:22,002493.SZ,S,9.520,100
676,49,2025-09-17,2025-09-17 14:49:21,600158.SH,S,9.560,100
677,49,2025-09-17,2025-09-17 14:49:20,002295.SZ,S,10.790,100
678,49,2025-09-17,2025-09-17 14:49:19,000901.SZ,S,16.220,100
679,49,2025-09-17,2025-09-17 14:49:19,600601.SH,S,11.830,300
680,52,2025-09-17,2025-09-17 14:49:07,300568.SZ,B,14.080,600
681,49,2025-09-17,2025-09-17 14:49:14,600497.SH,S,6.260,500
682,49,2025-09-17,2025-09-17 14:49:14,601212.SH,S,3.830,2300
683,52,2025-09-17,2025-09-17 14:49:06,600522.SH,B,15.780,200
684,49,2025-09-17,2025-09-17 14:49:11,688375.SH,S,74.200,104
685,59,2025-09-17,2025-09-17 14:49:10,600653.SH,B,2.310,200
686,61,2025-09-17,2025-09-17 14:49:10,600653.SH,B,2.310,300
687,49,2025-09-17,2025-09-17 14:49:06,000001.SZ,S,11.640,300
688,60,2025-09-17,2025-09-17 14:49:03,600863.SH,B,4.130,100
689,49,2025-09-17,2025-09-17 14:49:02,002936.SZ,S,2.090,300
690,49,2025-09-17,2025-09-17 14:48:59,002221.SZ,S,8.450,200
691,49,2025-09-17,2025-09-17 14:48:59,300045.SZ,S,23.400,200
692,58,2025-09-17,2025-09-17 14:48:59,301568.SZ,S,50.920,100
693,49,2025-09-17,2025-09-17 14:48:58,300035.SZ,S,22.190,200
694,58,2025-09-17,2025-09-17 14:48:55,002565.SZ,B,7.220,100
695,49,2025-09-17,2025-09-17 14:48:53,601128.SH,S,7.260,87
696,49,2025-09-17,2025-09-17 14:48:52,300021.SZ,S,5.140,400
697,49,2025-09-17,2025-09-17 14:48:51,600372.SH,S,12.000,100
698,49,2025-09-17,2025-09-17 14:48:51,601128.SH,S,7.260,113
699,49,2025-09-17,2025-09-17 14:48:48,002812.SZ,S,44.350,100
700,49,2025-09-17,2025-09-17 14:48:47,002114.SZ,S,7.970,600
701,49,2025-09-17,2025-09-17 14:48:45,600191.SH,S,8.520,300
702,49,2025-09-17,2025-09-17 14:48:44,600744.SH,S,6.660,100
703,49,2025-09-17,2025-09-17 14:48:43,000682.SZ,S,11.380,100
704,49,2025-09-17,2025-09-17 14:48:42,000682.SZ,S,11.380,100
705,49,2025-09-17,2025-09-17 14:48:42,000682.SZ,S,11.380,100
706,58,2025-09-17,2025-09-17 14:48:42,600249.SH,S,6.250,300
707,49,2025-09-17,2025-09-17 14:48:41,002946.SZ,S,17.770,100
708,49,2025-09-17,2025-09-17 14:48:40,002121.SZ,S,7.750,600
709,49,2025-09-17,2025-09-17 14:48:39,600875.SH,S,19.450,400
710,49,2025-09-17,2025-09-17 14:48:38,300747.SZ,S,27.260,500
711,49,2025-09-17,2025-09-17 14:48:37,000839.SZ,S,2.950,700
712,49,2025-09-17,2025-09-17 14:48:35,605287.SH,S,20.550,300
713,58,2025-09-17,2025-09-17 14:48:31,600076.SH,B,2.960,100
714,49,2025-09-17,2025-09-17 14:48:27,001223.SZ,S,53.070,100
715,49,2025-09-17,2025-09-17 14:48:27,002565.SZ,S,7.220,1400
716,49,2025-09-17,2025-09-17 14:48:27,002565.SZ,S,7.220,300
717,60,2025-09-17,2025-09-17 14:48:26,300682.SZ,B,22.080,100
718,49,2025-09-17,2025-09-17 14:48:26,002565.SZ,S,7.220,100
719,49,2025-09-17,2025-09-17 14:48:26,002565.SZ,S,7.220,100
720,49,2025-09-17,2025-09-17 14:48:26,002565.SZ,S,7.220,200
721,49,2025-09-17,2025-09-17 14:48:26,002565.SZ,S,7.220,200
722,49,2025-09-17,2025-09-17 14:48:24,605058.SH,S,29.920,200
723,49,2025-09-17,2025-09-17 14:48:23,601988.SH,S,5.400,800
724,49,2025-09-17,2025-09-17 14:48:23,600844.SH,S,3.160,300
725,61,2025-09-17,2025-09-17 14:48:23,000603.SZ,B,21.130,400
726,49,2025-09-17,2025-09-17 14:48:20,605050.SH,S,21.100,200
727,49,2025-09-17,2025-09-17 14:48:20,002706.SZ,S,11.900,1100
728,49,2025-09-17,2025-09-17 14:48:19,001203.SZ,S,12.230,300
729,60,2025-09-17,2025-09-17 14:48:17,600309.SH,B,67.010,200
730,52,2025-09-17,2025-09-17 14:48:16,300302.SZ,B,17.090,600
731,52,2025-09-17,2025-09-17 14:48:11,688062.SH,B,48.130,200
732,52,2025-09-17,2025-09-17 14:48:13,688062.SH,B,48.150,200
733,61,2025-09-17,2025-09-17 14:48:12,600292.SH,B,13.530,200
734,49,2025-09-17,2025-09-17 14:48:11,300345.SZ,S,7.290,100
735,52,2025-09-17,2025-09-17 14:48:08,002736.SZ,B,13.570,200
736,59,2025-09-17,2025-09-17 14:48:06,300197.SZ,B,2.470,1900
737,49,2025-09-17,2025-09-17 14:48:06,002010.SZ,S,6.430,200
738,59,2025-09-17,2025-09-17 14:48:05,600684.SH,S,6.360,600
739,61,2025-09-17,2025-09-17 14:48:05,600684.SH,S,6.360,900
740,61,2025-09-17,2025-09-17 14:48:05,600684.SH,S,6.360,700
741,61,2025-09-17,2025-09-17 14:48:05,000826.SZ,B,2.280,100
742,49,2025-09-17,2025-09-17 14:48:03,002317.SZ,S,20.070,100
743,49,2025-09-17,2025-09-17 14:48:03,601138.SH,S,61.000,100
744,49,2025-09-17,2025-09-17 14:48:02,002317.SZ,S,20.070,500
745,49,2025-09-17,2025-09-17 14:48:01,603778.SH,S,3.960,100
746,49,2025-09-17,2025-09-17 14:48:01,000727.SZ,S,2.930,1100
747,49,2025-09-17,2025-09-17 14:47:59,603685.SH,S,18.000,200
748,49,2025-09-17,2025-09-17 14:47:58,300882.SZ,S,18.950,300
749,49,2025-09-17,2025-09-17 14:47:58,603151.SH,S,28.210,100
750,49,2025-09-17,2025-09-17 14:47:58,002523.SZ,S,3.850,600
751,60,2025-09-17,2025-09-17 14:47:56,688303.SH,B,30.670,177
752,60,2025-09-17,2025-09-17 14:47:56,688303.SH,B,30.670,369
753,58,2025-09-17,2025-09-17 14:47:56,002575.SZ,B,8.890,500
754,52,2025-09-17,2025-09-17 14:47:51,002575.SZ,B,8.890,200
755,49,2025-09-17,2025-09-17 14:47:55,601939.SH,S,8.990,300
756,60,2025-09-17,2025-09-17 14:47:55,000791.SZ,S,6.580,300
757,58,2025-09-17,2025-09-17 14:47:55,002575.SZ,B,8.890,100
758,49,2025-09-17,2025-09-17 14:47:54,600867.SH,S,8.210,400
759,49,2025-09-17,2025-09-17 14:47:53,300682.SZ,S,22.090,300
760,60,2025-09-17,2025-09-17 14:47:52,000959.SZ,S,4.620,5000
761,58,2025-09-17,2025-09-17 14:47:51,002378.SZ,S,12.950,500
762,52,2025-09-17,2025-09-17 14:47:50,002378.SZ,S,12.950,100
763,60,2025-09-17,2025-09-17 14:47:50,601939.SH,S,8.990,900
764,59,2025-09-17,2025-09-17 14:47:48,002100.SZ,B,7.960,200
765,61,2025-09-17,2025-09-17 14:47:48,002100.SZ,B,7.960,100
766,58,2025-09-17,2025-09-17 14:47:46,002100.SZ,B,7.960,200
767,49,2025-09-17,2025-09-17 14:47:46,601212.SH,S,3.840,600
768,49,2025-09-17,2025-09-17 14:47:46,601212.SH,S,3.840,300
769,49,2025-09-17,2025-09-17 14:47:46,601212.SH,S,3.840,500
770,49,2025-09-17,2025-09-17 14:47:46,601212.SH,S,3.840,200
771,49,2025-09-17,2025-09-17 14:47:46,601212.SH,S,3.840,600
772,60,2025-09-17,2025-09-17 14:47:42,601555.SH,B,9.640,100
773,49,2025-09-17,2025-09-17 14:47:34,600538.SH,S,5.820,300
774,49,2025-09-17,2025-09-17 14:47:33,000927.SZ,S,2.810,200
775,49,2025-09-17,2025-09-17 14:47:31,300363.SZ,S,27.800,200
776,61,2025-09-17,2025-09-17 14:47:31,600635.SH,S,4.870,100
777,49,2025-09-17,2025-09-17 14:47:28,300363.SZ,S,27.810,200
778,49,2025-09-17,2025-09-17 14:47:28,000980.SZ,S,3.620,900
779,49,2025-09-17,2025-09-17 14:47:26,688607.SH,S,29.030,100
780,61,2025-09-17,2025-09-17 14:47:25,300098.SZ,B,6.180,600
781,61,2025-09-17,2025-09-17 14:47:25,001203.SZ,S,12.220,100
782,59,2025-09-17,2025-09-17 14:47:24,300098.SZ,B,6.180,200
783,58,2025-09-17,2025-09-17 14:47:24,002045.SZ,B,16.860,200
784,49,2025-09-17,2025-09-17 14:47:23,000761.SZ,S,3.720,100
785,61,2025-09-17,2025-09-17 14:47:22,000803.SZ,S,7.460,100
786,49,2025-09-17,2025-09-17 14:47:16,688096.SH,S,8.660,105
787,49,2025-09-17,2025-09-17 14:47:16,000727.SZ,S,2.930,300
788,49,2025-09-17,2025-09-17 14:47:15,000727.SZ,S,2.930,1000
789,61,2025-09-17,2025-09-17 14:47:13,601872.SH,B,8.910,100
790,49,2025-09-17,2025-09-17 14:47:10,601872.SH,S,8.910,1600
791,49,2025-09-17,2025-09-17 14:47:10,601872.SH,S,8.910,100
792,49,2025-09-17,2025-09-17 14:47:10,601872.SH,S,8.910,100
793,49,2025-09-17,2025-09-17 14:47:10,601872.SH,S,8.910,100
794,49,2025-09-17,2025-09-17 14:47:10,601872.SH,S,8.910,100
795,49,2025-09-17,2025-09-17 14:47:10,601872.SH,S,8.910,100
796,49,2025-09-17,2025-09-17 14:47:10,688157.SH,S,39.950,100
797,58,2025-09-17,2025-09-17 14:47:10,300815.SZ,B,28.160,400
798,52,2025-09-17,2025-09-17 14:47:09,600021.SH,B,20.380,1600
799,58,2025-09-17,2025-09-17 14:47:07,002237.SZ,B,14.230,100
800,49,2025-09-17,2025-09-17 14:47:06,000592.SZ,S,3.480,1000
801,61,2025-09-17,2025-09-17 14:47:04,688223.SH,B,5.470,1487
802,49,2025-09-17,2025-09-17 14:47:04,603098.SH,S,16.000,500
803,59,2025-09-17,2025-09-17 14:47:03,688223.SH,B,5.470,665
804,59,2025-09-17,2025-09-17 14:47:03,688223.SH,B,5.470,133
805,49,2025-09-17,2025-09-17 14:47:03,002859.SZ,S,32.350,400
806,49,2025-09-17,2025-09-17 14:47:02,600166.SH,S,2.910,600
807,59,2025-09-17,2025-09-17 14:47:01,688218.SH,S,27.550,272
808,49,2025-09-17,2025-09-17 14:47:01,600388.SH,S,13.710,900
809,49,2025-09-17,2025-09-17 14:47:00,000603.SZ,S,21.170,100
810,49,2025-09-17,2025-09-17 14:47:00,000603.SZ,S,21.170,200
811,49,2025-09-17,2025-09-17 14:47:00,000603.SZ,S,21.170,200
812,49,2025-09-17,2025-09-17 14:47:00,000603.SZ,S,21.170,100
813,49,2025-09-17,2025-09-17 14:47:00,000603.SZ,S,21.170,100
814,49,2025-09-17,2025-09-17 14:47:00,000603.SZ,S,21.170,100
815,49,2025-09-17,2025-09-17 14:46:58,300703.SZ,S,35.490,300
816,61,2025-09-17,2025-09-17 14:46:56,300438.SZ,S,32.860,300
817,49,2025-09-17,2025-09-17 14:46:55,002100.SZ,S,7.960,700
818,60,2025-09-17,2025-09-17 14:46:54,600958.SH,B,10.610,600
819,60,2025-09-17,2025-09-17 14:46:54,600958.SH,B,10.610,500
820,49,2025-09-17,2025-09-17 14:46:54,002100.SZ,S,7.960,400
821,58,2025-09-17,2025-09-17 14:46:52,000555.SZ,B,14.180,200
822,60,2025-09-17,2025-09-17 14:46:51,000876.SZ,B,10.120,300
823,49,2025-09-17,2025-09-17 14:46:49,000592.SZ,S,3.480,900
824,52,2025-09-17,2025-09-17 14:46:46,600684.SH,S,6.360,100
825,51,2025-09-17,2025-09-17 14:46:51,000630.SZ,B,4.660,500
826,58,2025-09-17,2025-09-17 14:46:47,600684.SH,S,6.360,500
827,58,2025-09-17,2025-09-17 14:46:47,600684.SH,S,6.360,400
828,52,2025-09-17,2025-09-17 14:46:46,600684.SH,S,6.360,200
829,49,2025-09-17,2025-09-17 14:46:46,688112.SH,S,39.140,153
830,49,2025-09-17,2025-09-17 14:46:46,600684.SH,S,6.360,500
831,58,2025-09-17,2025-09-17 14:46:44,002276.SZ,B,18.050,200
832,58,2025-09-17,2025-09-17 14:46:44,002276.SZ,B,18.050,400
833,58,2025-09-17,2025-09-17 14:46:43,002276.SZ,B,18.050,500
834,61,2025-09-17,2025-09-17 14:46:42,601515.SH,S,4.760,100
835,49,2025-09-17,2025-09-17 14:46:41,603138.SH,S,16.630,300
836,58,2025-09-17,2025-09-17 14:46:39,688218.SH,S,27.430,21
837,58,2025-09-17,2025-09-17 14:46:39,688218.SH,S,27.430,579
838,51,2025-09-17,2025-09-17 14:46:39,002815.SZ,B,16.480,300
839,59,2025-09-17,2025-09-17 14:46:33,600601.SH,B,11.800,400
840,59,2025-09-17,2025-09-17 14:46:32,688218.SH,S,27.470,200
841,59,2025-09-17,2025-09-17 14:46:32,600249.SH,S,6.250,100
842,49,2025-09-17,2025-09-17 14:46:32,600249.SH,S,6.250,600
843,61,2025-09-17,2025-09-17 14:46:32,300855.SZ,S,28.530,100
844,61,2025-09-17,2025-09-17 14:46:32,600249.SH,S,6.250,300
845,49,2025-09-17,2025-09-17 14:46:32,688218.SH,S,27.460,200
846,58,2025-09-17,2025-09-17 14:46:32,601208.SH,S,21.380,500
847,58,2025-09-17,2025-09-17 14:46:32,601208.SH,S,21.380,100
848,51,2025-09-17,2025-09-17 14:46:33,300692.SZ,S,8.160,700
849,52,2025-09-17,2025-09-17 14:46:28,300692.SZ,S,8.160,300
850,52,2025-09-17,2025-09-17 14:46:30,688218.SH,S,27.500,119
851,52,2025-09-17,2025-09-17 14:46:30,688218.SH,S,27.500,212
852,58,2025-09-17,2025-09-17 14:46:29,600601.SH,B,11.800,800
853,49,2025-09-17,2025-09-17 14:46:28,000725.SZ,S,4.150,2500
854,52,2025-09-17,2025-09-17 14:46:24,002276.SZ,B,18.050,400
855,51,2025-09-17,2025-09-17 14:46:29,688218.SH,S,27.400,200
856,58,2025-09-17,2025-09-17 14:46:25,688141.SH,B,50.050,403
857,52,2025-09-17,2025-09-17 14:46:20,601212.SH,S,3.830,3300
858,52,2025-09-17,2025-09-17 14:46:20,601212.SH,S,3.830,300
859,49,2025-09-17,2025-09-17 14:46:25,002811.SZ,S,12.280,100
860,52,2025-09-17,2025-09-17 14:46:20,601212.SH,S,3.830,2600
861,49,2025-09-17,2025-09-17 14:46:24,300257.SZ,S,14.790,600
862,52,2025-09-17,2025-09-17 14:46:20,601212.SH,S,3.830,100
863,58,2025-09-17,2025-09-17 14:46:23,000702.SZ,S,7.880,200
864,61,2025-09-17,2025-09-17 14:46:23,601212.SH,S,3.830,6400
865,61,2025-09-17,2025-09-17 14:46:23,601212.SH,S,3.830,4000
866,60,2025-09-17,2025-09-17 14:46:23,300940.SZ,B,29.310,300
867,61,2025-09-17,2025-09-17 14:46:22,601212.SH,S,3.830,400
868,61,2025-09-17,2025-09-17 14:46:23,600601.SH,B,11.800,1600
869,58,2025-09-17,2025-09-17 14:46:22,600601.SH,B,11.800,500
870,58,2025-09-17,2025-09-17 14:46:22,600601.SH,B,11.800,800
871,58,2025-09-17,2025-09-17 14:46:22,600052.SH,B,5.480,300
872,58,2025-09-17,2025-09-17 14:46:22,002256.SZ,B,3.250,2600
873,59,2025-09-17,2025-09-17 14:46:22,601212.SH,S,3.830,4500
874,61,2025-09-17,2025-09-17 14:46:22,601212.SH,S,3.830,600
875,61,2025-09-17,2025-09-17 14:46:22,601212.SH,S,3.830,300
876,61,2025-09-17,2025-09-17 14:46:22,601212.SH,S,3.830,300
877,61,2025-09-17,2025-09-17 14:46:22,601212.SH,S,3.830,500
878,58,2025-09-17,2025-09-17 14:46:22,601212.SH,S,3.830,3900
879,58,2025-09-17,2025-09-17 14:46:21,601212.SH,S,3.830,2300
880,58,2025-09-17,2025-09-17 14:46:21,601212.SH,S,3.830,3000
881,52,2025-09-17,2025-09-17 14:46:20,002256.SZ,B,3.250,1000
882,52,2025-09-17,2025-09-17 14:46:20,600675.SH,S,3.220,100
883,58,2025-09-17,2025-09-17 14:46:21,601212.SH,S,3.830,9900
884,58,2025-09-17,2025-09-17 14:46:21,601212.SH,S,3.830,600
885,49,2025-09-17,2025-09-17 14:46:20,002714.SZ,S,56.190,100
886,49,2025-09-17,2025-09-17 14:46:20,002714.SZ,S,56.190,200
887,61,2025-09-17,2025-09-17 14:46:20,002212.SZ,B,10.120,100
888,49,2025-09-17,2025-09-17 14:46:17,600732.SH,S,16.360,200
889,58,2025-09-17,2025-09-17 14:46:16,000727.SZ,B,2.930,100
890,59,2025-09-17,2025-09-17 14:46:16,000727.SZ,B,2.930,200
891,61,2025-09-17,2025-09-17 14:46:15,000727.SZ,B,2.930,200
892,61,2025-09-17,2025-09-17 14:46:14,600497.SH,S,6.240,100
893,49,2025-09-17,2025-09-17 14:46:12,601208.SH,S,21.360,200
894,49,2025-09-17,2025-09-17 14:46:12,601208.SH,S,21.360,300
895,49,2025-09-17,2025-09-17 14:46:12,601208.SH,S,21.360,200
896,49,2025-09-17,2025-09-17 14:46:12,601208.SH,S,21.360,400
897,49,2025-09-17,2025-09-17 14:46:12,601208.SH,S,21.360,500
898,60,2025-09-17,2025-09-17 14:46:08,301377.SZ,B,85.390,100
899,49,2025-09-17,2025-09-17 14:46:07,603679.SH,S,16.100,100
900,60,2025-09-17,2025-09-17 14:46:07,000975.SZ,S,21.040,400
901,60,2025-09-17,2025-09-17 14:46:07,002733.SZ,B,20.760,300
902,49,2025-09-17,2025-09-17 14:46:04,002534.SZ,S,15.070,100
903,49,2025-09-17,2025-09-17 14:46:02,300723.SZ,S,60.240,200
904,49,2025-09-17,2025-09-17 14:46:02,300723.SZ,S,60.240,100
905,60,2025-09-17,2025-09-17 14:46:00,300289.SZ,S,7.990,900
906,49,2025-09-17,2025-09-17 14:45:59,603322.SH,S,39.660,100
907,49,2025-09-17,2025-09-17 14:45:58,002645.SZ,S,15.050,300
908,49,2025-09-17,2025-09-17 14:45:57,600452.SH,S,9.750,100
909,49,2025-09-17,2025-09-17 14:45:56,601168.SH,S,19.880,100
910,49,2025-09-17,2025-09-17 14:45:55,000803.SZ,S,7.460,900
911,49,2025-09-17,2025-09-17 14:45:52,600732.SH,S,16.360,200
912,60,2025-09-17,2025-09-17 14:45:51,000166.SZ,B,5.340,1400
913,60,2025-09-17,2025-09-17 14:45:51,000166.SZ,B,5.340,600
914,60,2025-09-17,2025-09-17 14:45:51,000166.SZ,B,5.340,400
915,60,2025-09-17,2025-09-17 14:45:49,000166.SZ,B,5.340,500
916,60,2025-09-17,2025-09-17 14:45:49,000166.SZ,B,5.340,300
917,60,2025-09-17,2025-09-17 14:45:49,000166.SZ,B,5.340,300
918,60,2025-09-17,2025-09-17 14:45:49,000166.SZ,B,5.340,300
919,60,2025-09-17,2025-09-17 14:45:49,000166.SZ,B,5.340,600
920,60,2025-09-17,2025-09-17 14:45:49,000166.SZ,B,5.340,200
921,60,2025-09-17,2025-09-17 14:45:49,000166.SZ,B,5.340,300
922,60,2025-09-17,2025-09-17 14:45:49,000166.SZ,B,5.340,100
923,60,2025-09-17,2025-09-17 14:45:49,000166.SZ,B,5.340,300
924,60,2025-09-17,2025-09-17 14:45:49,000166.SZ,B,5.340,100
925,60,2025-09-17,2025-09-17 14:45:49,000166.SZ,B,5.340,300
926,60,2025-09-17,2025-09-17 14:45:48,300289.SZ,S,7.990,600
927,60,2025-09-17,2025-09-17 14:45:48,000166.SZ,B,5.340,500
928,49,2025-09-17,2025-09-17 14:45:43,300289.SZ,S,7.990,400
929,49,2025-09-17,2025-09-17 14:45:39,600052.SH,S,5.480,1000
930,49,2025-09-17,2025-09-17 14:45:38,600926.SH,S,15.420,300
931,49,2025-09-17,2025-09-17 14:45:36,002574.SZ,S,5.940,400
932,49,2025-09-17,2025-09-17 14:45:36,600052.SH,S,5.480,2900
933,49,2025-09-17,2025-09-17 14:45:35,600052.SH,S,5.480,400
934,49,2025-09-17,2025-09-17 14:45:35,600052.SH,S,5.480,1500
935,49,2025-09-17,2025-09-17 14:45:35,600732.SH,S,16.360,200
936,49,2025-09-17,2025-09-17 14:45:33,600052.SH,S,5.480,2100
937,49,2025-09-17,2025-09-17 14:45:33,600052.SH,S,5.480,300
938,49,2025-09-17,2025-09-17 14:45:33,600052.SH,S,5.480,100
939,49,2025-09-17,2025-09-17 14:45:33,600052.SH,S,5.480,300
940,49,2025-09-17,2025-09-17 14:45:32,002548.SZ,S,4.890,2200
941,49,2025-09-17,2025-09-17 14:45:31,600052.SH,S,5.480,2000
942,49,2025-09-17,2025-09-17 14:45:31,000166.SZ,S,5.340,2400
943,60,2025-09-17,2025-09-17 14:45:29,000932.SZ,B,6.410,400
944,49,2025-09-17,2025-09-17 14:45:28,688322.SH,S,94.960,160
945,49,2025-09-17,2025-09-17 14:45:28,000008.SZ,S,2.990,200
946,60,2025-09-17,2025-09-17 14:45:26,002532.SZ,B,11.450,100
947,60,2025-09-17,2025-09-17 14:45:26,002532.SZ,B,11.450,200
948,60,2025-09-17,2025-09-17 14:45:26,002532.SZ,B,11.450,100
949,60,2025-09-17,2025-09-17 14:45:26,300394.SZ,S,182.060,200
950,49,2025-09-17,2025-09-17 14:45:23,300798.SZ,S,8.250,100
951,60,2025-09-17,2025-09-17 14:45:18,002158.SZ,B,26.640,500
952,49,2025-09-17,2025-09-17 14:45:18,605168.SH,S,31.470,100
953,49,2025-09-17,2025-09-17 14:45:18,300740.SZ,S,22.130,100
954,60,2025-09-17,2025-09-17 14:45:17,600418.SH,S,57.820,100
955,49,2025-09-17,2025-09-17 14:45:16,000882.SZ,S,2.330,1500
956,49,2025-09-17,2025-09-17 14:45:16,000882.SZ,S,2.330,300
957,49,2025-09-17,2025-09-17 14:45:15,300355.SZ,S,4.650,200
958,60,2025-09-17,2025-09-17 14:45:13,600926.SH,S,15.420,100
959,60,2025-09-17,2025-09-17 14:45:13,601228.SH,B,3.460,4500
960,60,2025-09-17,2025-09-17 14:45:06,301377.SZ,B,85.400,100
961,60,2025-09-17,2025-09-17 14:45:07,300308.SZ,S,405.920,100
962,49,2025-09-17,2025-09-17 14:45:06,002871.SZ,S,17.670,200
963,49,2025-09-17,2025-09-17 14:45:05,600545.SH,S,3.140,100
964,49,2025-09-17,2025-09-17 14:45:05,600956.SH,S,7.940,100
965,49,2025-09-17,2025-09-17 14:45:04,600938.SH,S,26.780,100
966,49,2025-09-17,2025-09-17 14:45:04,600938.SH,S,26.780,200
967,49,2025-09-17,2025-09-17 14:45:04,600938.SH,S,26.780,100
968,49,2025-09-17,2025-09-17 14:45:04,000603.SZ,S,21.140,800
969,49,2025-09-17,2025-09-17 14:45:03,002169.SZ,S,7.420,1500
970,60,2025-09-17,2025-09-17 14:45:02,600016.SH,B,4.120,1200
971,60,2025-09-17,2025-09-17 14:45:02,600016.SH,B,4.120,800
972,49,2025-09-17,2025-09-17 14:45:01,000877.SZ,S,6.470,200
973,60,2025-09-17,2025-09-17 14:45:02,600016.SH,B,4.120,1900
974,49,2025-09-17,2025-09-17 14:45:00,002431.SZ,S,2.750,300
975,49,2025-09-17,2025-09-17 14:45:00,002169.SZ,S,7.420,400
976,49,2025-09-17,2025-09-17 14:45:00,600604.SH,S,5.710,300
977,49,2025-09-17,2025-09-17 14:44:59,002353.SZ,S,49.290,100
978,49,2025-09-17,2025-09-17 14:44:58,002271.SZ,S,12.760,500
979,49,2025-09-17,2025-09-17 14:44:52,002419.SZ,S,5.660,300
980,60,2025-09-17,2025-09-17 14:44:51,600919.SH,B,10.310,300
981,60,2025-09-17,2025-09-17 14:44:51,600919.SH,B,10.310,700
982,49,2025-09-17,2025-09-17 14:44:51,603330.SH,S,7.980,900
983,49,2025-09-17,2025-09-17 14:44:46,002911.SZ,S,11.550,900
984,60,2025-09-17,2025-09-17 14:44:44,600906.SH,B,7.490,1100
985,49,2025-09-17,2025-09-17 14:44:42,300593.SZ,S,18.330,300
986,49,2025-09-17,2025-09-17 14:44:41,601398.SH,S,7.450,2100
987,49,2025-09-17,2025-09-17 14:44:36,000932.SZ,S,6.410,100
988,49,2025-09-17,2025-09-17 14:44:36,000932.SZ,S,6.410,900
989,49,2025-09-17,2025-09-17 14:44:36,601901.SH,S,8.360,400
990,49,2025-09-17,2025-09-17 14:44:35,601901.SH,S,8.360,100
991,49,2025-09-17,2025-09-17 14:44:35,601901.SH,S,8.360,200
992,49,2025-09-17,2025-09-17 14:44:35,601901.SH,S,8.360,100
993,49,2025-09-17,2025-09-17 14:44:34,002026.SZ,S,14.120,300
994,49,2025-09-17,2025-09-17 14:44:31,688428.SH,S,26.880,9
995,49,2025-09-17,2025-09-17 14:44:27,600331.SH,S,11.280,300
996,49,2025-09-17,2025-09-17 14:44:24,600866.SH,S,7.530,700
997,60,2025-09-17,2025-09-17 14:44:19,300009.SZ,B,10.530,100
998,60,2025-09-17,2025-09-17 14:44:16,601168.SH,B,19.820,100
999,49,2025-09-17,2025-09-17 14:44:15,600662.SH,S,5.480,100
1000,49,2025-09-17,2025-09-17 14:44:09,600356.SH,S,10.150,700
1001,49,2025-09-17,2025-09-17 14:44:09,300586.SZ,S,10.750,400
1002,49,2025-09-17,2025-09-17 14:44:09,002100.SZ,S,7.960,100
1003,49,2025-09-17,2025-09-17 14:44:09,002100.SZ,S,7.960,300
1004,49,2025-09-17,2025-09-17 14:44:08,603019.SH,S,108.580,200
1005,49,2025-09-17,2025-09-17 14:44:07,603803.SH,S,9.050,100
1006,49,2025-09-17,2025-09-17 14:44:04,300494.SZ,S,14.520,200
1007,49,2025-09-17,2025-09-17 14:44:04,600595.SH,S,5.520,700
1008,60,2025-09-17,2025-09-17 14:44:02,300450.SZ,S,53.830,100
1009,60,2025-09-17,2025-09-17 14:44:03,002275.SZ,B,14.860,100
1010,49,2025-09-17,2025-09-17 14:43:58,002815.SZ,S,16.510,600
1011,49,2025-09-17,2025-09-17 14:43:58,600118.SH,S,36.450,200
1012,61,2025-09-17,2025-09-17 14:43:57,300094.SZ,B,3.880,100
1013,51,2025-09-17,2025-09-17 14:44:00,002065.SZ,B,9.870,200
1014,58,2025-09-17,2025-09-17 14:43:57,000826.SZ,B,2.290,100
1015,49,2025-09-17,2025-09-17 14:43:56,300940.SZ,S,29.320,100
1016,51,2025-09-17,2025-09-17 14:43:58,603256.SH,B,37.800,100
1017,49,2025-09-17,2025-09-17 14:43:54,601512.SH,S,9.450,100
1018,51,2025-09-17,2025-09-17 14:43:56,601212.SH,S,3.800,1400
1019,49,2025-09-17,2025-09-17 14:43:52,300217.SZ,S,6.200,100
1020,49,2025-09-17,2025-09-17 14:43:52,300217.SZ,S,6.200,100
1021,49,2025-09-17,2025-09-17 14:43:52,300217.SZ,S,6.200,100
1022,49,2025-09-17,2025-09-17 14:43:52,300217.SZ,S,6.200,100
1023,49,2025-09-17,2025-09-17 14:43:52,300217.SZ,S,6.200,200
1024,49,2025-09-17,2025-09-17 14:43:51,600415.SH,S,19.580,300
1025,49,2025-09-17,2025-09-17 14:43:50,002830.SZ,S,18.120,200
1026,49,2025-09-17,2025-09-17 14:43:49,600531.SH,S,11.210,3100
1027,58,2025-09-17,2025-09-17 14:43:50,000826.SZ,B,2.280,100
1028,49,2025-09-17,2025-09-17 14:43:46,688280.SH,S,9.260,169
1029,49,2025-09-17,2025-09-17 14:43:46,002830.SZ,S,18.120,100
1030,49,2025-09-17,2025-09-17 14:43:46,002830.SZ,S,18.120,100
1031,49,2025-09-17,2025-09-17 14:43:46,002830.SZ,S,18.120,200
1032,49,2025-09-17,2025-09-17 14:43:44,600547.SH,S,37.420,100
1033,49,2025-09-17,2025-09-17 14:43:44,600547.SH,S,37.420,300
1034,49,2025-09-17,2025-09-17 14:43:43,601963.SH,S,9.270,200
1035,60,2025-09-17,2025-09-17 14:43:41,002683.SZ,B,41.080,100
1036,49,2025-09-17,2025-09-17 14:43:41,688148.SH,S,6.140,95
1037,49,2025-09-17,2025-09-17 14:43:39,600778.SH,S,7.080,200
1038,59,2025-09-17,2025-09-17 14:43:38,600653.SH,B,2.320,200
1039,61,2025-09-17,2025-09-17 14:43:37,600538.SH,B,5.810,100
1040,49,2025-09-17,2025-09-17 14:43:33,600961.SH,S,15.070,300
1041,49,2025-09-17,2025-09-17 14:43:31,603906.SH,S,17.330,200
1042,51,2025-09-17,2025-09-17 14:43:33,601991.SH,B,3.550,200
1043,61,2025-09-17,2025-09-17 14:43:30,600221.SH,B,1.710,100
1044,49,2025-09-17,2025-09-17 14:43:30,601600.SH,S,7.940,400
1045,61,2025-09-17,2025-09-17 14:43:30,002356.SZ,B,3.580,100
1046,60,2025-09-17,2025-09-17 14:43:26,000600.SZ,S,7.390,1100
1047,49,2025-09-17,2025-09-17 14:43:27,601669.SH,S,5.710,100
1048,61,2025-09-17,2025-09-17 14:43:24,603778.SH,B,3.960,100
1049,49,2025-09-17,2025-09-17 14:43:23,601231.SH,S,18.940,100
1050,49,2025-09-17,2025-09-17 14:43:21,600873.SH,S,10.870,500
1051,49,2025-09-17,2025-09-17 14:43:21,600873.SH,S,10.870,100
1052,49,2025-09-17,2025-09-17 14:43:20,300088.SZ,S,6.850,400
1053,58,2025-09-17,2025-09-17 14:43:17,601975.SH,B,3.320,200
1054,51,2025-09-17,2025-09-17 14:43:18,600221.SH,B,1.710,2200
1055,61,2025-09-17,2025-09-17 14:43:15,002323.SZ,B,2.050,200
1056,51,2025-09-17,2025-09-17 14:43:17,002169.SZ,S,7.410,600
1057,61,2025-09-17,2025-09-17 14:43:14,603118.SH,B,13.480,100
1058,61,2025-09-17,2025-09-17 14:43:14,002938.SZ,B,53.380,100
1059,61,2025-09-17,2025-09-17 14:43:13,002265.SZ,B,31.110,100
1060,61,2025-09-17,2025-09-17 14:43:14,300438.SZ,S,32.840,100
1061,52,2025-09-17,2025-09-17 14:43:13,600157.SH,B,1.550,2900
1062,61,2025-09-17,2025-09-17 14:43:13,000892.SZ,S,5.780,1100
1063,60,2025-09-17,2025-09-17 14:43:11,601898.SH,B,11.630,200
1064,61,2025-09-17,2025-09-17 14:43:11,601011.SH,B,3.080,100
1065,51,2025-09-17,2025-09-17 14:43:13,601669.SH,B,5.710,200
1066,61,2025-09-17,2025-09-17 14:43:09,601020.SH,B,25.320,100
1067,61,2025-09-17,2025-09-17 14:43:09,000561.SZ,B,11.410,100
1068,61,2025-09-17,2025-09-17 14:43:09,603328.SH,B,11.980,100
1069,61,2025-09-17,2025-09-17 14:43:09,001359.SZ,S,52.600,100
1070,58,2025-09-17,2025-09-17 14:43:08,300766.SZ,B,41.730,100
1071,61,2025-09-17,2025-09-17 14:43:07,600935.SH,B,2.620,100
1072,61,2025-09-17,2025-09-17 14:43:07,300586.SZ,B,10.770,100
1073,58,2025-09-17,2025-09-17 14:43:08,301568.SZ,S,50.810,100
1074,61,2025-09-17,2025-09-17 14:43:07,301526.SZ,B,6.810,600
1075,61,2025-09-17,2025-09-17 14:43:07,002068.SZ,B,11.020,100
1076,61,2025-09-17,2025-09-17 14:43:07,600728.SH,B,6.910,100
1077,61,2025-09-17,2025-09-17 14:43:07,000892.SZ,S,5.780,1100
1078,49,2025-09-17,2025-09-17 14:43:07,002545.SZ,S,13.870,300
1079,51,2025-09-17,2025-09-17 14:43:09,002097.SZ,S,14.250,100
1080,61,2025-09-17,2025-09-17 14:43:05,601975.SH,B,3.320,300
1081,58,2025-09-17,2025-09-17 14:43:05,002356.SZ,B,3.580,100
1082,61,2025-09-17,2025-09-17 14:43:03,603131.SH,B,22.100,100
1083,61,2025-09-17,2025-09-17 14:43:04,002072.SZ,B,8.080,100
1084,61,2025-09-17,2025-09-17 14:43:03,002158.SZ,B,26.660,100
1085,61,2025-09-17,2025-09-17 14:43:03,002815.SZ,B,16.500,100
1086,61,2025-09-17,2025-09-17 14:43:04,002212.SZ,B,10.120,100
1087,49,2025-09-17,2025-09-17 14:43:03,600595.SH,S,5.520,1200
1088,61,2025-09-17,2025-09-17 14:43:02,603138.SH,B,16.620,100
1089,49,2025-09-17,2025-09-17 14:43:03,600595.SH,S,5.520,1200
1090,61,2025-09-17,2025-09-17 14:43:02,605058.SH,B,29.900,100
1091,61,2025-09-17,2025-09-17 14:43:03,000676.SZ,B,10.220,100
1092,61,2025-09-17,2025-09-17 14:43:03,300390.SZ,B,23.050,100
1093,58,2025-09-17,2025-09-17 14:43:03,002045.SZ,B,16.860,100
1094,59,2025-09-17,2025-09-17 14:43:02,300815.SZ,B,28.230,200
1095,59,2025-09-17,2025-09-17 14:43:02,301216.SZ,B,19.840,600
1096,61,2025-09-17,2025-09-17 14:43:02,001359.SZ,S,52.600,100
1097,61,2025-09-17,2025-09-17 14:43:02,002454.SZ,B,9.120,100
1098,49,2025-09-17,2025-09-17 14:43:02,688428.SH,S,26.880,63
1099,61,2025-09-17,2025-09-17 14:43:01,600475.SH,B,16.610,200
1100,61,2025-09-17,2025-09-17 14:43:01,002805.SZ,B,14.080,100
1101,61,2025-09-17,2025-09-17 14:43:01,603381.SH,B,24.450,100
1102,61,2025-09-17,2025-09-17 14:43:01,300257.SZ,B,14.790,100
1103,61,2025-09-17,2025-09-17 14:43:01,002774.SZ,B,10.560,100
1104,61,2025-09-17,2025-09-17 14:43:01,688225.SH,B,20.440,260
1105,61,2025-09-17,2025-09-17 14:43:01,688225.SH,B,20.440,200
1106,61,2025-09-17,2025-09-17 14:43:01,300638.SZ,B,31.100,326
1107,61,2025-09-17,2025-09-17 14:43:01,688225.SH,B,20.440,150
1108,61,2025-09-17,2025-09-17 14:43:01,300638.SZ,B,31.100,174
1109,61,2025-09-17,2025-09-17 14:43:01,002550.SZ,B,9.810,100
1110,61,2025-09-17,2025-09-17 14:43:01,300382.SZ,B,18.270,300
1111,61,2025-09-17,2025-09-17 14:43:01,002463.SZ,B,70.680,200
1112,61,2025-09-17,2025-09-17 14:43:01,600353.SH,S,18.020,200
1113,61,2025-09-17,2025-09-17 14:43:01,300382.SZ,B,18.270,100
1114,61,2025-09-17,2025-09-17 14:43:01,300382.SZ,B,18.270,300
1115,61,2025-09-17,2025-09-17 14:43:01,002125.SZ,B,14.340,100
1116,61,2025-09-17,2025-09-17 14:43:00,600737.SH,S,16.800,200
1117,61,2025-09-17,2025-09-17 14:43:00,600210.SH,B,7.520,100
1118,61,2025-09-17,2025-09-17 14:43:00,603538.SH,S,23.580,400
1119,61,2025-09-17,2025-09-17 14:43:00,600858.SH,S,5.990,1200
1120,61,2025-09-17,2025-09-17 14:43:00,688327.SH,S,17.190,372
1121,61,2025-09-17,2025-09-17 14:43:00,688201.SH,S,14.360,339
1122,59,2025-09-17,2025-09-17 14:43:01,688218.SH,S,27.310,351
1123,59,2025-09-17,2025-09-17 14:43:01,000603.SZ,B,21.090,200
1124,61,2025-09-17,2025-09-17 14:43:00,600367.SH,S,17.570,100
1125,61,2025-09-17,2025-09-17 14:43:00,300642.SZ,S,24.690,200
1126,61,2025-09-17,2025-09-17 14:43:00,002887.SZ,S,9.620,200
1127,61,2025-09-17,2025-09-17 14:43:00,300855.SZ,S,28.450,100
1128,61,2025-09-17,2025-09-17 14:43:00,603978.SH,S,20.740,100
1129,61,2025-09-17,2025-09-17 14:43:00,600406.SH,S,22.420,100
1130,61,2025-09-17,2025-09-17 14:43:00,301568.SZ,S,50.810,300
1131,61,2025-09-17,2025-09-17 14:43:00,301568.SZ,S,50.810,100
1132,61,2025-09-17,2025-09-17 14:43:00,002097.SZ,S,14.250,100
1133,61,2025-09-17,2025-09-17 14:43:00,603103.SH,B,18.110,100
1134,61,2025-09-17,2025-09-17 14:43:00,002045.SZ,B,16.860,200
1135,61,2025-09-17,2025-09-17 14:43:00,002097.SZ,S,14.250,700
1136,61,2025-09-17,2025-09-17 14:43:00,600319.SH,B,8.140,100
1137,61,2025-09-17,2025-09-17 14:43:00,300363.SZ,S,27.800,300
1138,61,2025-09-17,2025-09-17 14:43:00,002284.SZ,B,12.900,800
1139,61,2025-09-17,2025-09-17 14:43:00,001203.SZ,S,12.160,100
1140,61,2025-09-17,2025-09-17 14:43:00,300568.SZ,B,14.100,1500
1141,61,2025-09-17,2025-09-17 14:43:00,300568.SZ,B,14.100,200
1142,61,2025-09-17,2025-09-17 14:43:00,300815.SZ,B,28.230,700
1143,61,2025-09-17,2025-09-17 14:43:00,300196.SZ,B,15.620,100
1144,58,2025-09-17,2025-09-17 14:43:01,600653.SH,B,2.310,400
1145,58,2025-09-17,2025-09-17 14:43:01,300094.SZ,B,3.880,100
1146,59,2025-09-17,2025-09-17 14:43:00,601208.SH,S,21.350,100
1147,59,2025-09-17,2025-09-17 14:43:00,600858.SH,S,5.990,400
1148,59,2025-09-17,2025-09-17 14:43:00,601208.SH,S,21.350,200
1149,59,2025-09-17,2025-09-17 14:43:00,002097.SZ,S,14.250,300
1150,49,2025-09-17,2025-09-17 14:43:00,300790.SZ,S,34.740,100
1151,49,2025-09-17,2025-09-17 14:42:59,300790.SZ,S,34.740,100
1152,49,2025-09-17,2025-09-17 14:42:59,300790.SZ,S,34.740,100
1153,61,2025-09-17,2025-09-17 14:43:00,688218.SH,S,27.310,421
1154,61,2025-09-17,2025-09-17 14:43:00,688218.SH,S,27.310,200
1155,61,2025-09-17,2025-09-17 14:43:00,688218.SH,S,27.320,200
1156,49,2025-09-17,2025-09-17 14:42:59,300790.SZ,S,34.740,100
1157,61,2025-09-17,2025-09-17 14:43:00,688218.SH,S,27.320,141
1158,61,2025-09-17,2025-09-17 14:43:00,300559.SZ,B,14.730,100
1159,61,2025-09-17,2025-09-17 14:43:00,601208.SH,S,21.350,300
1160,61,2025-09-17,2025-09-17 14:43:00,601208.SH,S,21.360,100
1161,61,2025-09-17,2025-09-17 14:43:00,601208.SH,S,21.360,400
1162,61,2025-09-17,2025-09-17 14:43:00,002169.SZ,S,7.410,1100
1163,61,2025-09-17,2025-09-17 14:43:00,601208.SH,S,21.360,100
1164,51,2025-09-17,2025-09-17 14:43:00,600909.SH,B,6.440,400
1165,61,2025-09-17,2025-09-17 14:42:55,600928.SH,B,4.170,100
1166,52,2025-09-17,2025-09-17 14:42:55,601818.SH,B,3.550,2400
1167,49,2025-09-17,2025-09-17 14:42:54,002544.SZ,S,26.890,300
1168,49,2025-09-17,2025-09-17 14:42:53,688223.SH,S,5.480,493
1169,49,2025-09-17,2025-09-17 14:42:51,603659.SH,S,26.650,200
1170,60,2025-09-17,2025-09-17 14:42:48,601456.SH,B,11.390,100
1171,49,2025-09-17,2025-09-17 14:42:49,603659.SH,S,26.640,200
1172,60,2025-09-17,2025-09-17 14:42:48,000603.SZ,B,21.080,200
1173,60,2025-09-17,2025-09-17 14:42:47,301078.SZ,B,11.680,200
1174,52,2025-09-17,2025-09-17 14:42:47,600221.SH,B,1.710,700
1175,60,2025-09-17,2025-09-17 14:42:46,601899.SH,B,25.060,100
1176,60,2025-09-17,2025-09-17 14:42:44,002565.SZ,B,7.210,300
1177,60,2025-09-17,2025-09-17 14:42:44,002565.SZ,B,7.210,200
1178,49,2025-09-17,2025-09-17 14:42:42,601020.SH,S,25.330,200
1179,60,2025-09-17,2025-09-17 14:42:44,601899.SH,B,25.060,700
1180,49,2025-09-17,2025-09-17 14:42:42,601020.SH,S,25.330,200
1181,60,2025-09-17,2025-09-17 14:42:40,000603.SZ,B,21.070,200
1182,60,2025-09-17,2025-09-17 14:42:36,000597.SZ,B,5.640,100
1183,58,2025-09-17,2025-09-17 14:42:33,603153.SH,B,19.600,200
1184,60,2025-09-17,2025-09-17 14:42:31,603228.SH,B,73.160,200
1185,49,2025-09-17,2025-09-17 14:42:27,688266.SH,S,105.030,50
1186,49,2025-09-17,2025-09-17 14:42:25,688266.SH,S,105.040,36
1187,49,2025-09-17,2025-09-17 14:42:19,600489.SH,S,18.610,100
1188,49,2025-09-17,2025-09-17 14:42:19,600489.SH,S,18.610,700
1189,60,2025-09-17,2025-09-17 14:42:19,002027.SZ,B,8.340,1000
1190,58,2025-09-17,2025-09-17 14:42:19,002527.SZ,B,20.900,200
1191,60,2025-09-17,2025-09-17 14:42:18,601872.SH,B,8.910,500
1192,60,2025-09-17,2025-09-17 14:42:17,002683.SZ,B,41.060,200
1193,58,2025-09-17,2025-09-17 14:42:17,601208.SH,S,21.380,400
1194,60,2025-09-17,2025-09-17 14:42:16,600866.SH,S,7.530,2100
1195,60,2025-09-17,2025-09-17 14:42:12,300049.SZ,B,87.450,100
1196,60,2025-09-17,2025-09-17 14:42:11,002206.SZ,B,6.160,600
1197,60,2025-09-17,2025-09-17 14:42:11,601101.SH,B,7.530,240
1198,60,2025-09-17,2025-09-17 14:42:11,601101.SH,B,7.530,260
1199,60,2025-09-17,2025-09-17 14:42:10,603129.SH,B,290.150,100
1200,58,2025-09-17,2025-09-17 14:42:11,002548.SZ,B,4.900,400
1201,60,2025-09-17,2025-09-17 14:42:10,000039.SZ,B,7.940,100
1202,60,2025-09-17,2025-09-17 14:42:09,002230.SZ,B,52.320,100
1203,51,2025-09-17,2025-09-17 14:42:13,300568.SZ,B,14.090,200
1204,52,2025-09-17,2025-09-17 14:42:10,002548.SZ,B,4.900,100
1205,60,2025-09-17,2025-09-17 14:42:08,601066.SH,B,26.580,100
1206,60,2025-09-17,2025-09-17 14:42:08,601066.SH,B,26.580,100
1207,52,2025-09-17,2025-09-17 14:42:09,002276.SZ,B,18.040,200
1208,49,2025-09-17,2025-09-17 14:42:07,300559.SZ,S,14.720,100
1209,60,2025-09-17,2025-09-17 14:42:06,003816.SZ,B,3.730,200
1210,60,2025-09-17,2025-09-17 14:42:05,300188.SZ,B,16.270,500
1211,60,2025-09-17,2025-09-17 14:42:05,000938.SZ,B,29.370,1900
1212,59,2025-09-17,2025-09-17 14:42:06,300591.SZ,B,9.800,200
1213,60,2025-09-17,2025-09-17 14:42:04,002410.SZ,B,14.090,1000
1214,52,2025-09-17,2025-09-17 14:42:04,688593.SH,B,23.990,362
1215,60,2025-09-17,2025-09-17 14:42:02,601169.SH,B,5.760,200
1216,49,2025-09-17,2025-09-17 14:42:02,600015.SH,S,6.950,300
1217,49,2025-09-17,2025-09-17 14:42:02,300317.SZ,S,4.520,531
1218,49,2025-09-17,2025-09-17 14:42:02,300317.SZ,S,4.520,569
1219,60,2025-09-17,2025-09-17 14:42:02,301196.SZ,B,113.270,100
1220,49,2025-09-17,2025-09-17 14:42:02,601169.SH,S,5.760,1100
1221,49,2025-09-17,2025-09-17 14:42:00,600490.SH,S,6.400,100
1222,49,2025-09-17,2025-09-17 14:41:59,600490.SH,S,6.400,600
1223,60,2025-09-17,2025-09-17 14:41:59,600873.SH,B,10.870,100
1224,51,2025-09-17,2025-09-17 14:42:03,000776.SZ,B,21.110,200
1225,51,2025-09-17,2025-09-17 14:42:02,300173.SZ,S,6.590,500
1226,60,2025-09-17,2025-09-17 14:41:55,002158.SZ,B,26.670,600
1227,58,2025-09-17,2025-09-17 14:41:56,603328.SH,B,11.970,100
1228,49,2025-09-17,2025-09-17 14:41:53,601872.SH,S,8.920,200
1229,49,2025-09-17,2025-09-17 14:41:51,601872.SH,S,8.920,700
1230,60,2025-09-17,2025-09-17 14:41:50,600887.SH,B,28.030,500
1231,49,2025-09-17,2025-09-17 14:41:51,601872.SH,S,8.920,1300
1232,49,2025-09-17,2025-09-17 14:41:50,601083.SH,S,11.850,100
1233,49,2025-09-17,2025-09-17 14:41:49,002027.SZ,S,8.340,700
1234,49,2025-09-17,2025-09-17 14:41:47,603185.SH,S,22.640,300
1235,60,2025-09-17,2025-09-17 14:41:47,600266.SH,B,5.380,100
1236,49,2025-09-17,2025-09-17 14:41:46,301099.SZ,S,40.900,100
1237,60,2025-09-17,2025-09-17 14:41:43,002545.SZ,S,13.850,100
1238,60,2025-09-17,2025-09-17 14:41:44,600019.SH,S,6.930,900
1239,60,2025-09-17,2025-09-17 14:41:41,300515.SZ,B,21.530,500
1240,51,2025-09-17,2025-09-17 14:41:41,605287.SH,B,20.520,200
1241,49,2025-09-17,2025-09-17 14:41:37,002532.SZ,S,11.410,400
1242,49,2025-09-17,2025-09-17 14:41:35,603978.SH,S,20.710,100
1243,49,2025-09-17,2025-09-17 14:41:35,603978.SH,S,20.710,100
1244,49,2025-09-17,2025-09-17 14:41:35,603978.SH,S,20.710,300
1245,51,2025-09-17,2025-09-17 14:41:38,002555.SZ,S,23.030,200
1246,49,2025-09-17,2025-09-17 14:41:35,603978.SH,S,20.710,100
1247,49,2025-09-17,2025-09-17 14:41:35,603978.SH,S,20.710,100
1248,49,2025-09-17,2025-09-17 14:41:35,603978.SH,S,20.710,100
1249,49,2025-09-17,2025-09-17 14:41:35,603978.SH,S,20.710,100
1250,49,2025-09-17,2025-09-17 14:41:33,603979.SH,S,64.230,100
1251,49,2025-09-17,2025-09-17 14:41:33,600282.SH,S,4.860,200
1252,60,2025-09-17,2025-09-17 14:41:29,603979.SH,S,64.220,200
1253,49,2025-09-17,2025-09-17 14:41:29,002552.SZ,S,16.730,300
1254,49,2025-09-17,2025-09-17 14:41:25,688218.SH,S,27.340,172
1255,49,2025-09-17,2025-09-17 14:41:25,688218.SH,S,27.340,228
1256,49,2025-09-17,2025-09-17 14:41:24,603336.SH,S,9.910,184
1257,49,2025-09-17,2025-09-17 14:41:24,603336.SH,S,9.910,16
1258,51,2025-09-17,2025-09-17 14:41:26,000980.SZ,B,3.610,1000
1259,60,2025-09-17,2025-09-17 14:41:21,601088.SH,B,38.950,200
1260,60,2025-09-17,2025-09-17 14:41:22,600104.SH,B,18.900,200
1261,60,2025-09-17,2025-09-17 14:41:21,600104.SH,B,18.900,600
1262,60,2025-09-17,2025-09-17 14:41:19,600104.SH,B,18.900,800
1263,60,2025-09-17,2025-09-17 14:41:19,600104.SH,B,18.900,100
1264,60,2025-09-17,2025-09-17 14:41:15,300723.SZ,B,60.060,200
1265,60,2025-09-17,2025-09-17 14:41:12,601866.SH,B,2.660,200
1266,60,2025-09-17,2025-09-17 14:41:10,300548.SZ,B,118.730,100
1267,60,2025-09-17,2025-09-17 14:41:10,300548.SZ,B,118.730,200
1268,60,2025-09-17,2025-09-17 14:41:10,601138.SH,B,60.810,300
1269,49,2025-09-17,2025-09-17 14:41:11,002207.SZ,S,7.960,1000
1270,49,2025-09-17,2025-09-17 14:41:10,000630.SZ,S,4.550,1200
1271,49,2025-09-17,2025-09-17 14:41:07,000690.SZ,S,4.580,300
1272,49,2025-09-17,2025-09-17 14:41:06,688079.SH,S,12.430,184
1273,49,2025-09-17,2025-09-17 14:41:04,300172.SZ,S,5.420,600
1274,51,2025-09-17,2025-09-17 14:41:06,600118.SH,S,36.380,100
1275,60,2025-09-17,2025-09-17 14:40:55,000708.SZ,B,13.060,100
1276,49,2025-09-17,2025-09-17 14:40:56,600733.SH,S,8.530,800
1277,49,2025-09-17,2025-09-17 14:40:54,603687.SH,S,8.830,900
1278,49,2025-09-17,2025-09-17 14:40:51,000727.SZ,S,2.930,1100
1279,49,2025-09-17,2025-09-17 14:40:51,000727.SZ,S,2.930,800
1280,49,2025-09-17,2025-09-17 14:40:51,000727.SZ,S,2.930,200
1281,49,2025-09-17,2025-09-17 14:40:45,600156.SH,S,8.730,400
1282,49,2025-09-17,2025-09-17 14:40:42,002015.SZ,S,11.880,200
1283,49,2025-09-17,2025-09-17 14:40:43,000980.SZ,S,3.610,600
1284,49,2025-09-17,2025-09-17 14:40:42,000980.SZ,S,3.610,100
1285,49,2025-09-17,2025-09-17 14:40:40,002917.SZ,S,14.400,100
1286,49,2025-09-17,2025-09-17 14:40:42,300498.SZ,S,19.660,300
1287,58,2025-09-17,2025-09-17 14:40:41,002072.SZ,B,8.080,100
1288,49,2025-09-17,2025-09-17 14:40:40,605050.SH,S,21.320,300
1289,60,2025-09-17,2025-09-17 14:40:39,000538.SZ,B,58.920,900
1290,49,2025-09-17,2025-09-17 14:40:40,000980.SZ,S,3.610,200
1291,49,2025-09-17,2025-09-17 14:40:38,002142.SZ,S,27.020,105
1292,49,2025-09-17,2025-09-17 14:40:38,002142.SZ,S,27.020,200
1293,49,2025-09-17,2025-09-17 14:40:38,002142.SZ,S,27.020,295
1294,49,2025-09-17,2025-09-17 14:40:38,002259.SZ,S,4.240,200
1295,49,2025-09-17,2025-09-17 14:40:38,002259.SZ,S,4.240,400
1296,49,2025-09-17,2025-09-17 14:40:37,603681.SH,S,16.540,100
1297,49,2025-09-17,2025-09-17 14:40:36,603681.SH,S,16.540,200
1298,49,2025-09-17,2025-09-17 14:40:35,600369.SH,S,4.910,100
1299,58,2025-09-17,2025-09-17 14:40:34,300098.SZ,B,6.180,500
1300,49,2025-09-17,2025-09-17 14:40:33,000980.SZ,S,3.610,1000
1301,49,2025-09-17,2025-09-17 14:40:33,000980.SZ,S,3.610,1100
1302,60,2025-09-17,2025-09-17 14:40:30,002396.SZ,S,31.590,300
1303,49,2025-09-17,2025-09-17 14:40:30,002396.SZ,S,31.590,300
1304,49,2025-09-17,2025-09-17 14:40:30,000965.SZ,S,4.510,200
1305,49,2025-09-17,2025-09-17 14:40:30,000965.SZ,S,4.510,200
1306,49,2025-09-17,2025-09-17 14:40:30,000965.SZ,S,4.510,300
1307,49,2025-09-17,2025-09-17 14:40:29,000965.SZ,S,4.510,200
1308,60,2025-09-17,2025-09-17 14:40:28,002938.SZ,B,53.330,100
1309,52,2025-09-17,2025-09-17 14:40:04,300591.SZ,B,9.780,100
1310,49,2025-09-17,2025-09-17 14:40:26,605100.SH,S,25.520,300
1311,58,2025-09-17,2025-09-17 14:40:26,300465.SZ,S,24.260,100
1312,60,2025-09-17,2025-09-17 14:40:25,002475.SZ,S,51.980,800
1313,60,2025-09-17,2025-09-17 14:40:25,002475.SZ,S,51.980,100
1314,49,2025-09-17,2025-09-17 14:40:25,605138.SH,S,7.990,100
1315,51,2025-09-17,2025-09-17 14:40:25,600653.SH,B,2.310,200
1316,51,2025-09-17,2025-09-17 14:40:25,601975.SH,S,3.320,200
1317,49,2025-09-17,2025-09-17 14:40:21,600633.SH,S,14.510,200
1318,60,2025-09-17,2025-09-17 14:40:19,601600.SH,B,7.880,300
1319,49,2025-09-17,2025-09-17 14:40:19,600446.SH,S,19.810,100
1320,60,2025-09-17,2025-09-17 14:40:18,600938.SH,B,26.770,1400
1321,60,2025-09-17,2025-09-17 14:40:18,600938.SH,B,26.770,300
1322,49,2025-09-17,2025-09-17 14:40:17,002072.SZ,S,8.080,300
1323,60,2025-09-17,2025-09-17 14:40:16,002158.SZ,B,26.730,200
1324,60,2025-09-17,2025-09-17 14:40:16,002158.SZ,B,26.730,100
1325,60,2025-09-17,2025-09-17 14:40:16,600713.SH,B,5.050,1200
1326,49,2025-09-17,2025-09-17 14:40:16,002072.SZ,S,8.080,600
1327,60,2025-09-17,2025-09-17 14:40:16,600760.SH,B,58.330,400
1328,49,2025-09-17,2025-09-17 14:40:16,600446.SH,S,19.810,200
1329,60,2025-09-17,2025-09-17 14:40:15,600760.SH,B,58.330,500
1330,60,2025-09-17,2025-09-17 14:40:14,000401.SZ,B,5.000,2300
1331,49,2025-09-17,2025-09-17 14:40:15,300416.SZ,S,17.530,100
1332,60,2025-09-17,2025-09-17 14:40:14,600760.SH,B,58.330,100
1333,49,2025-09-17,2025-09-17 14:40:11,600649.SH,S,4.920,600
1334,60,2025-09-17,2025-09-17 14:40:10,603228.SH,B,73.030,100
1335,49,2025-09-17,2025-09-17 14:40:11,688281.SH,S,66.010,100
1336,49,2025-09-17,2025-09-17 14:40:10,300347.SZ,S,60.050,100
1337,49,2025-09-17,2025-09-17 14:40:09,603429.SH,S,11.630,200
1338,49,2025-09-17,2025-09-17 14:40:09,603429.SH,S,11.630,100
1339,49,2025-09-17,2025-09-17 14:40:08,300705.SZ,S,17.610,300
1340,58,2025-09-17,2025-09-17 14:40:09,688590.SH,B,23.170,200
1341,60,2025-09-17,2025-09-17 14:40:07,300098.SZ,B,6.180,900
1342,49,2025-09-17,2025-09-17 14:40:07,600503.SH,S,3.770,200
1343,60,2025-09-17,2025-09-17 14:40:06,603228.SH,B,73.030,100
1344,49,2025-09-17,2025-09-17 14:40:05,600770.SH,S,5.970,200
1345,49,2025-09-17,2025-09-17 14:40:05,300438.SZ,S,32.790,200
1346,49,2025-09-17,2025-09-17 14:40:05,300774.SZ,S,9.840,200
1347,49,2025-09-17,2025-09-17 14:40:04,300233.SZ,S,19.670,600
1348,49,2025-09-17,2025-09-17 14:40:04,002582.SZ,S,10.030,100
1349,58,2025-09-17,2025-09-17 14:40:04,300438.SZ,S,32.800,100
1350,49,2025-09-17,2025-09-17 14:40:02,002676.SZ,S,10.860,700
1351,60,2025-09-17,2025-09-17 14:40:03,603993.SH,S,12.660,1100
1352,49,2025-09-17,2025-09-17 14:40:02,002357.SZ,S,11.340,200
1353,49,2025-09-17,2025-09-17 14:40:02,000823.SZ,S,13.710,400
1354,49,2025-09-17,2025-09-17 14:40:01,002454.SZ,S,9.100,500
1355,49,2025-09-17,2025-09-17 14:40:00,601318.SH,S,56.520,100
1356,49,2025-09-17,2025-09-17 14:39:59,300166.SZ,S,11.070,400
1357,49,2025-09-17,2025-09-17 14:39:59,601318.SH,S,56.520,300
1358,49,2025-09-17,2025-09-17 14:39:58,300582.SZ,S,16.720,100
1359,49,2025-09-17,2025-09-17 14:39:57,000065.SZ,S,11.320,200
1360,49,2025-09-17,2025-09-17 14:39:56,600507.SH,S,5.460,500
1361,58,2025-09-17,2025-09-17 14:39:57,002100.SZ,B,7.940,200
1362,52,2025-09-17,2025-09-17 14:35:12,000980.SZ,B,3.610,5300
1363,49,2025-09-17,2025-09-17 14:39:57,002463.SZ,S,70.660,100
1364,49,2025-09-17,2025-09-17 14:39:56,603507.SH,S,26.960,100
1365,49,2025-09-17,2025-09-17 14:39:57,002463.SZ,S,70.660,100
1366,49,2025-09-17,2025-09-17 14:39:55,002250.SZ,S,11.040,300
1367,49,2025-09-17,2025-09-17 14:39:55,002056.SZ,S,18.600,100
1368,58,2025-09-17,2025-09-17 14:39:57,688472.SH,B,12.140,35
1369,58,2025-09-17,2025-09-17 14:39:56,688472.SH,B,12.140,165
1370,49,2025-09-17,2025-09-17 14:39:54,600885.SH,S,26.480,100
1371,49,2025-09-17,2025-09-17 14:39:54,002667.SZ,S,12.030,700
1372,58,2025-09-17,2025-09-17 14:39:56,002256.SZ,B,3.240,2600
1373,60,2025-09-17,2025-09-17 14:39:54,600489.SH,S,18.550,455
1374,60,2025-09-17,2025-09-17 14:39:54,600489.SH,S,18.550,1000
1375,49,2025-09-17,2025-09-17 14:39:54,300265.SZ,S,9.370,100
1376,60,2025-09-17,2025-09-17 14:39:54,600489.SH,S,18.550,845
1377,49,2025-09-17,2025-09-17 14:39:54,002560.SZ,S,7.430,400
1378,49,2025-09-17,2025-09-17 14:39:52,600869.SH,S,7.420,500
1379,49,2025-09-17,2025-09-17 14:39:52,600710.SH,S,10.060,100
1380,60,2025-09-17,2025-09-17 14:39:51,600031.SH,B,20.950,200
1381,49,2025-09-17,2025-09-17 14:39:50,600629.SH,S,18.340,200
1382,49,2025-09-17,2025-09-17 14:39:50,300600.SZ,S,16.430,100
1383,58,2025-09-17,2025-09-17 14:39:51,002575.SZ,B,8.890,900
1384,52,2025-09-17,2025-09-17 14:39:01,002291.SZ,B,6.410,500
1385,49,2025-09-17,2025-09-17 14:39:50,000833.SZ,S,14.530,400
1386,58,2025-09-17,2025-09-17 14:39:50,600986.SH,B,8.660,200
1387,58,2025-09-17,2025-09-17 14:39:50,600986.SH,B,8.660,900
1388,52,2025-09-17,2025-09-17 14:31:18,002256.SZ,B,3.240,1200
1389,49,2025-09-17,2025-09-17 14:39:49,301363.SZ,S,27.300,300
1390,49,2025-09-17,2025-09-17 14:39:49,600176.SH,S,15.180,200
1391,52,2025-09-17,2025-09-17 14:39:49,600986.SH,B,8.660,700
1392,49,2025-09-17,2025-09-17 14:39:48,600026.SH,S,12.690,1800
1393,60,2025-09-17,2025-09-17 14:39:48,600938.SH,B,26.770,100
1394,60,2025-09-17,2025-09-17 14:39:48,600938.SH,B,26.770,200
1395,49,2025-09-17,2025-09-17 14:39:47,601777.SH,S,11.840,500
1396,49,2025-09-17,2025-09-17 14:39:47,002097.SZ,S,14.250,400
1397,49,2025-09-17,2025-09-17 14:39:46,603100.SH,S,24.210,300
1398,58,2025-09-17,2025-09-17 14:39:46,002527.SZ,B,20.850,200
1399,49,2025-09-17,2025-09-17 14:39:44,603993.SH,S,12.660,400
1400,58,2025-09-17,2025-09-17 14:39:44,688218.SH,S,27.310,642
1401,58,2025-09-17,2025-09-17 14:39:44,688218.SH,S,27.310,337
1402,49,2025-09-17,2025-09-17 14:39:43,002275.SZ,S,14.850,100
1403,51,2025-09-17,2025-09-17 14:39:45,300790.SZ,S,34.700,100
1404,49,2025-09-17,2025-09-17 14:39:42,300682.SZ,S,22.050,300
1405,49,2025-09-17,2025-09-17 14:39:41,603588.SH,S,6.740,700
1406,49,2025-09-17,2025-09-17 14:39:41,002609.SZ,S,9.960,200
1407,49,2025-09-17,2025-09-17 14:39:40,002236.SZ,S,18.660,500
1408,49,2025-09-17,2025-09-17 14:39:38,301015.SZ,S,30.130,200
1409,49,2025-09-17,2025-09-17 14:39:35,300110.SZ,S,3.450,500
1410,49,2025-09-17,2025-09-17 14:39:35,300731.SZ,S,45.400,100
1411,51,2025-09-17,2025-09-17 14:39:36,601872.SH,B,8.910,200
1412,61,2025-09-17,2025-09-17 14:39:33,600076.SH,B,2.960,100
1413,58,2025-09-17,2025-09-17 14:39:33,600076.SH,B,2.960,100
1414,49,2025-09-17,2025-09-17 14:39:31,002110.SZ,S,4.410,1200
1415,49,2025-09-17,2025-09-17 14:39:30,688201.SH,S,14.360,192
1416,60,2025-09-17,2025-09-17 14:39:30,603579.SH,B,40.000,100
1417,49,2025-09-17,2025-09-17 14:39:29,300078.SZ,S,3.670,200
1418,49,2025-09-17,2025-09-17 14:39:29,300145.SZ,S,4.870,100
1419,60,2025-09-17,2025-09-17 14:39:28,002852.SZ,B,11.250,200
1420,60,2025-09-17,2025-09-17 14:39:28,300724.SZ,S,98.650,200
1421,60,2025-09-17,2025-09-17 14:39:26,300724.SZ,S,98.640,100
1422,49,2025-09-17,2025-09-17 14:39:26,600751.SH,S,4.940,200
1423,60,2025-09-17,2025-09-17 14:39:24,002384.SZ,S,82.500,200
1424,49,2025-09-17,2025-09-17 14:39:22,000021.SZ,S,21.630,200
1425,49,2025-09-17,2025-09-17 14:39:22,000021.SZ,S,21.630,100
1426,49,2025-09-17,2025-09-17 14:39:21,600675.SH,S,3.210,600
1427,51,2025-09-17,2025-09-17 14:39:24,000630.SZ,B,4.540,400
1428,49,2025-09-17,2025-09-17 14:39:20,000676.SZ,S,10.200,300
1429,49,2025-09-17,2025-09-17 14:39:20,000676.SZ,S,10.200,500
1430,58,2025-09-17,2025-09-17 14:39:20,002527.SZ,B,20.850,200
1431,49,2025-09-17,2025-09-17 14:39:19,600796.SH,S,5.780,100
1432,51,2025-09-17,2025-09-17 14:39:20,603256.SH,B,37.830,100
1433,49,2025-09-17,2025-09-17 14:39:16,300942.SZ,S,11.140,200
1434,49,2025-09-17,2025-09-17 14:39:17,002072.SZ,S,8.090,500
1435,49,2025-09-17,2025-09-17 14:39:17,688091.SH,S,58.850,82
1436,58,2025-09-17,2025-09-17 14:39:15,601872.SH,B,8.910,100
1437,58,2025-09-17,2025-09-17 14:39:14,300678.SZ,B,36.820,200
1438,52,2025-09-17,2025-09-17 14:37:46,600933.SH,B,22.710,100
1439,49,2025-09-17,2025-09-17 14:39:13,002072.SZ,S,8.090,300
1440,49,2025-09-17,2025-09-17 14:39:12,300204.SZ,S,36.940,100
1441,60,2025-09-17,2025-09-17 14:39:11,600050.SH,B,5.610,2700
1442,60,2025-09-17,2025-09-17 14:39:11,600050.SH,B,5.610,4600
1443,60,2025-09-17,2025-09-17 14:39:11,600050.SH,B,5.610,1000
1444,60,2025-09-17,2025-09-17 14:39:11,600050.SH,B,5.610,900
1445,60,2025-09-17,2025-09-17 14:39:11,600050.SH,B,5.610,3800
1446,60,2025-09-17,2025-09-17 14:39:11,600050.SH,B,5.610,4500
1447,60,2025-09-17,2025-09-17 14:39:11,600050.SH,B,5.610,1500
1448,60,2025-09-17,2025-09-17 14:39:11,600050.SH,B,5.610,2200
1449,49,2025-09-17,2025-09-17 14:39:09,002922.SZ,S,21.780,200
1450,49,2025-09-17,2025-09-17 14:39:09,002498.SZ,S,3.700,200
1451,58,2025-09-17,2025-09-17 14:39:10,301568.SZ,S,50.790,100
1452,58,2025-09-17,2025-09-17 14:39:10,002169.SZ,S,7.410,900
1453,51,2025-09-17,2025-09-17 14:39:12,002169.SZ,S,7.410,900
1454,49,2025-09-17,2025-09-17 14:39:05,600958.SH,S,10.590,900
1455,58,2025-09-17,2025-09-17 14:39:05,301526.SZ,B,6.800,400
1456,49,2025-09-17,2025-09-17 14:39:04,603518.SH,S,10.660,200
1457,49,2025-09-17,2025-09-17 14:39:04,601688.SH,S,20.210,300
1458,49,2025-09-17,2025-09-17 14:39:01,002379.SZ,S,16.950,100
1459,49,2025-09-17,2025-09-17 14:39:00,600183.SH,S,53.660,100
1460,61,2025-09-17,2025-09-17 14:39:01,002124.SZ,B,3.120,100
1461,49,2025-09-17,2025-09-17 14:39:00,600183.SH,S,53.660,100
1462,49,2025-09-17,2025-09-17 14:38:58,688091.SH,S,58.860,73
1463,49,2025-09-17,2025-09-17 14:38:58,002100.SZ,S,7.950,1700
1464,49,2025-09-17,2025-09-17 14:38:57,000534.SZ,S,15.930,400
1465,59,2025-09-17,2025-09-17 14:38:57,002169.SZ,S,7.410,400
1466,49,2025-09-17,2025-09-17 14:38:56,600983.SH,S,10.850,100
1467,49,2025-09-17,2025-09-17 14:38:56,600983.SH,S,10.850,100
1468,49,2025-09-17,2025-09-17 14:38:56,600983.SH,S,10.850,100
1469,49,2025-09-17,2025-09-17 14:38:55,300243.SZ,S,11.630,300
1470,58,2025-09-17,2025-09-17 14:38:54,002237.SZ,B,14.120,100
1471,49,2025-09-17,2025-09-17 14:38:52,002124.SZ,S,3.120,20
1472,49,2025-09-17,2025-09-17 14:38:52,002124.SZ,S,3.120,780
1473,51,2025-09-17,2025-09-17 14:38:54,688218.SH,S,27.320,26
1474,58,2025-09-17,2025-09-17 14:38:48,301216.SZ,B,19.810,200
1475,49,2025-09-17,2025-09-17 14:38:47,300815.SZ,S,28.180,100
1476,59,2025-09-17,2025-09-17 14:38:47,301526.SZ,B,6.800,100
1477,49,2025-09-17,2025-09-17 14:38:46,600802.SH,S,5.450,200
1478,49,2025-09-17,2025-09-17 14:38:46,000933.SZ,S,19.690,300
1479,59,2025-09-17,2025-09-17 14:38:46,301526.SZ,B,6.800,100
1480,49,2025-09-17,2025-09-17 14:38:44,002324.SZ,S,14.800,285
1481,49,2025-09-17,2025-09-17 14:38:44,603871.SH,S,12.580,400
1482,49,2025-09-17,2025-09-17 14:38:44,002324.SZ,S,14.800,315
1483,58,2025-09-17,2025-09-17 14:38:44,300761.SZ,B,23.840,200
1484,58,2025-09-17,2025-09-17 14:38:44,002636.SZ,B,13.280,100
1485,58,2025-09-17,2025-09-17 14:38:43,600785.SH,B,14.830,100
1486,58,2025-09-17,2025-09-17 14:38:43,300642.SZ,S,24.770,200
1487,49,2025-09-17,2025-09-17 14:38:42,688331.SH,S,104.000,32
1488,49,2025-09-17,2025-09-17 14:38:42,688331.SH,S,104.000,107
1489,51,2025-09-17,2025-09-17 14:38:45,001696.SZ,B,24.900,200
1490,49,2025-09-17,2025-09-17 14:38:41,300605.SZ,S,15.770,100
1491,49,2025-09-17,2025-09-17 14:38:41,600346.SH,S,16.840,200
1492,58,2025-09-17,2025-09-17 14:38:41,300363.SZ,S,27.840,400
1493,52,2025-09-17,2025-09-17 14:38:31,300363.SZ,S,27.840,200
1494,51,2025-09-17,2025-09-17 14:38:43,688218.SH,S,27.320,174
1495,60,2025-09-17,2025-09-17 14:38:39,600064.SH,B,8.060,300
1496,60,2025-09-17,2025-09-17 14:38:38,002415.SZ,B,30.720,100
1497,49,2025-09-17,2025-09-17 14:38:37,601377.SH,S,6.480,1200
1498,49,2025-09-17,2025-09-17 14:38:37,003019.SZ,S,41.940,400
1499,49,2025-09-17,2025-09-17 14:38:35,600219.SH,S,3.950,1700
1500,51,2025-09-17,2025-09-17 14:38:38,000750.SZ,B,4.850,200
1501,60,2025-09-17,2025-09-17 14:38:33,600036.SH,S,41.720,400
1502,60,2025-09-17,2025-09-17 14:38:33,600036.SH,S,41.720,1200
1503,59,2025-09-17,2025-09-17 14:38:32,600052.SH,B,5.480,200
1504,61,2025-09-17,2025-09-17 14:38:33,600052.SH,B,5.480,300
1505,52,2025-09-17,2025-09-17 14:38:31,601377.SH,S,6.480,100
1506,49,2025-09-17,2025-09-17 14:38:31,688518.SH,S,26.700,96
1507,49,2025-09-17,2025-09-17 14:38:31,601456.SH,S,11.390,200
1508,58,2025-09-17,2025-09-17 14:38:31,000833.SZ,B,14.520,400
1509,58,2025-09-17,2025-09-17 14:38:30,688590.SH,B,23.180,150
1510,58,2025-09-17,2025-09-17 14:38:30,688590.SH,B,23.180,123
1511,58,2025-09-17,2025-09-17 14:38:29,600858.SH,S,6.000,1100
1512,52,2025-09-17,2025-09-17 14:38:28,600858.SH,S,6.000,200
1513,60,2025-09-17,2025-09-17 14:38:26,000425.SZ,B,9.990,200
1514,60,2025-09-17,2025-09-17 14:38:24,605305.SH,S,38.260,100
1515,60,2025-09-17,2025-09-17 14:38:24,605305.SH,S,38.260,100
1516,49,2025-09-17,2025-09-17 14:38:24,600858.SH,S,6.000,200
1517,60,2025-09-17,2025-09-17 14:38:24,605305.SH,S,38.260,100
1518,49,2025-09-17,2025-09-17 14:38:23,300683.SZ,S,38.680,100
1519,49,2025-09-17,2025-09-17 14:38:23,605305.SH,S,38.260,100
1520,49,2025-09-17,2025-09-17 14:38:23,300683.SZ,S,38.680,100
1521,49,2025-09-17,2025-09-17 14:38:22,002233.SZ,S,8.830,300
1522,60,2025-09-17,2025-09-17 14:38:18,688506.SH,B,370.000,194
1523,60,2025-09-17,2025-09-17 14:38:18,688506.SH,B,370.000,6
1524,49,2025-09-17,2025-09-17 14:38:18,688101.SH,S,16.610,105
1525,49,2025-09-17,2025-09-17 14:38:17,002755.SZ,S,21.880,100
1526,60,2025-09-17,2025-09-17 14:38:16,000960.SZ,B,21.670,480
1527,60,2025-09-17,2025-09-17 14:38:16,000960.SZ,B,21.670,120
1528,60,2025-09-17,2025-09-17 14:38:15,600025.SH,B,9.260,200
1529,49,2025-09-17,2025-09-17 14:38:15,688488.SH,S,15.260,178
1530,49,2025-09-17,2025-09-17 14:38:13,002244.SZ,S,11.450,300
1531,49,2025-09-17,2025-09-17 14:38:13,002244.SZ,S,11.450,100
1532,49,2025-09-17,2025-09-17 14:38:11,003019.SZ,S,41.950,100
1533,60,2025-09-17,2025-09-17 14:38:09,002733.SZ,B,20.770,100
1534,49,2025-09-17,2025-09-17 14:38:08,301568.SZ,S,50.810,100
1535,49,2025-09-17,2025-09-17 14:38:07,000975.SZ,S,20.980,100
1536,49,2025-09-17,2025-09-17 14:38:07,000975.SZ,S,20.980,100
1537,49,2025-09-17,2025-09-17 14:38:07,000975.SZ,S,20.980,200
1538,60,2025-09-17,2025-09-17 14:38:06,002733.SZ,B,20.770,100
1539,60,2025-09-17,2025-09-17 14:38:05,603380.SH,B,49.950,200
1540,49,2025-09-17,2025-09-17 14:38:05,002026.SZ,S,14.090,500
1541,60,2025-09-17,2025-09-17 14:38:04,605168.SH,B,31.510,200
1542,49,2025-09-17,2025-09-17 14:38:03,300323.SZ,S,9.040,300
1543,60,2025-09-17,2025-09-17 14:38:03,002138.SZ,B,35.230,100
1544,52,2025-09-17,2025-09-17 14:38:02,603153.SH,B,19.570,100
1545,49,2025-09-17,2025-09-17 14:38:03,600866.SH,S,7.530,600
1546,49,2025-09-17,2025-09-17 14:38:02,002476.SZ,S,5.470,500
1547,49,2025-09-17,2025-09-17 14:38:02,600866.SH,S,7.530,600
1548,49,2025-09-17,2025-09-17 14:38:02,002476.SZ,S,5.470,800
1549,49,2025-09-17,2025-09-17 14:38:00,002476.SZ,S,5.470,100
1550,49,2025-09-17,2025-09-17 14:38:00,601003.SH,S,5.430,1200
1551,60,2025-09-17,2025-09-17 14:38:00,601003.SH,S,5.430,1200
1552,49,2025-09-17,2025-09-17 14:37:58,000935.SZ,S,20.090,100
1553,52,2025-09-17,2025-09-17 14:37:58,300762.SZ,B,24.920,500
1554,58,2025-09-17,2025-09-17 14:37:57,002317.SZ,B,20.080,100
1555,60,2025-09-17,2025-09-17 14:37:56,601668.SH,B,5.660,15800
1556,58,2025-09-17,2025-09-17 14:37:54,300173.SZ,S,6.590,1200
1557,60,2025-09-17,2025-09-17 14:37:53,300747.SZ,B,27.240,100
1558,52,2025-09-17,2025-09-17 14:37:40,688062.SH,B,48.270,200
1559,49,2025-09-17,2025-09-17 14:37:52,300084.SZ,S,8.740,200
1560,49,2025-09-17,2025-09-17 14:37:51,600546.SH,S,10.110,200
1561,51,2025-09-17,2025-09-17 14:37:53,600353.SH,S,18.050,100
1562,60,2025-09-17,2025-09-17 14:37:49,300748.SZ,B,37.490,100
1563,60,2025-09-17,2025-09-17 14:37:48,601633.SH,B,25.310,400
1564,49,2025-09-17,2025-09-17 14:37:47,688472.SH,S,12.170,200
1565,60,2025-09-17,2025-09-17 14:37:46,601868.SH,B,2.480,600
1566,60,2025-09-17,2025-09-17 14:37:46,600489.SH,S,18.550,200
1567,49,2025-09-17,2025-09-17 14:37:45,605228.SH,S,19.200,200
1568,49,2025-09-17,2025-09-17 14:37:45,688319.SH,S,28.600,188
1569,49,2025-09-17,2025-09-17 14:37:44,603045.SH,S,19.450,100
1570,60,2025-09-17,2025-09-17 14:37:42,300450.SZ,S,53.870,100
1571,52,2025-09-17,2025-09-17 14:37:42,688062.SH,B,48.280,273
1572,60,2025-09-17,2025-09-17 14:37:41,600489.SH,S,18.550,200
1573,60,2025-09-17,2025-09-17 14:37:40,002317.SZ,B,20.080,500
1574,60,2025-09-17,2025-09-17 14:37:40,300113.SZ,B,25.470,100
1575,60,2025-09-17,2025-09-17 14:37:40,301200.SZ,B,112.410,100
1576,60,2025-09-17,2025-09-17 14:37:39,300113.SZ,B,25.470,300
1577,49,2025-09-17,2025-09-17 14:37:39,601339.SH,S,5.500,1000
1578,60,2025-09-17,2025-09-17 14:37:39,603811.SH,B,13.780,100
1579,60,2025-09-17,2025-09-17 14:37:39,301377.SZ,B,85.100,100
1580,60,2025-09-17,2025-09-17 14:37:37,688981.SH,B,116.690,22
1581,60,2025-09-17,2025-09-17 14:37:36,688981.SH,B,116.690,178
1582,59,2025-09-17,2025-09-17 14:37:35,601212.SH,B,3.800,400
1583,61,2025-09-17,2025-09-17 14:37:35,601212.SH,B,3.800,400
1584,49,2025-09-17,2025-09-17 14:37:32,300173.SZ,S,6.580,1400
1585,49,2025-09-17,2025-09-17 14:37:32,002746.SZ,S,6.370,300
1586,49,2025-09-17,2025-09-17 14:37:30,000530.SZ,S,6.540,300
1587,49,2025-09-17,2025-09-17 14:37:26,000600.SZ,S,7.380,1300
1588,49,2025-09-17,2025-09-17 14:37:23,603176.SH,S,6.430,200
1589,49,2025-09-17,2025-09-17 14:37:23,688136.SH,S,41.330,2
1590,61,2025-09-17,2025-09-17 14:37:23,300098.SZ,B,6.180,600
1591,49,2025-09-17,2025-09-17 14:37:20,600233.SH,S,19.230,300
1592,60,2025-09-17,2025-09-17 14:37:19,002062.SZ,B,10.260,100
1593,49,2025-09-17,2025-09-17 14:37:16,000655.SZ,S,8.940,300
1594,49,2025-09-17,2025-09-17 14:37:14,000401.SZ,S,5.000,300
1595,51,2025-09-17,2025-09-17 14:37:15,002815.SZ,B,16.470,400
1596,49,2025-09-17,2025-09-17 14:37:11,300296.SZ,S,7.490,800
1597,60,2025-09-17,2025-09-17 14:37:11,603758.SH,B,16.230,100
1598,60,2025-09-17,2025-09-17 14:37:10,603228.SH,B,73.220,100
1599,59,2025-09-17,2025-09-17 14:37:08,300324.SZ,B,7.590,1000
1600,60,2025-09-17,2025-09-17 14:37:07,603228.SH,B,73.210,100
1601,51,2025-09-17,2025-09-17 14:37:10,300037.SZ,B,48.370,100
1602,49,2025-09-17,2025-09-17 14:37:06,600721.SH,S,10.250,100
1603,49,2025-09-17,2025-09-17 14:37:06,603186.SH,S,39.600,100
1604,49,2025-09-17,2025-09-17 14:37:06,600721.SH,S,10.250,400
1605,49,2025-09-17,2025-09-17 14:37:06,000727.SZ,S,2.930,200
1606,49,2025-09-17,2025-09-17 14:37:06,000708.SZ,S,13.050,400
1607,49,2025-09-17,2025-09-17 14:37:06,600643.SH,S,6.070,400
1608,49,2025-09-17,2025-09-17 14:37:06,000727.SZ,S,2.930,900
1609,51,2025-09-17,2025-09-17 14:37:09,601208.SH,S,21.380,400
1610,58,2025-09-17,2025-09-17 14:37:06,688472.SH,B,12.140,200
1611,60,2025-09-17,2025-09-17 14:37:05,688009.SH,S,5.360,377
1612,60,2025-09-17,2025-09-17 14:37:05,688009.SH,S,5.360,1023
1613,49,2025-09-17,2025-09-17 14:37:05,300098.SZ,S,6.180,600
1614,52,2025-09-17,2025-09-17 14:37:05,002169.SZ,S,7.400,600
1615,49,2025-09-17,2025-09-17 14:37:04,000758.SZ,S,6.640,700
1616,49,2025-09-17,2025-09-17 14:37:03,600785.SH,S,14.840,600
1617,61,2025-09-17,2025-09-17 14:37:02,600490.SH,B,6.380,100
1618,60,2025-09-17,2025-09-17 14:37:02,002158.SZ,B,26.720,400
1619,49,2025-09-17,2025-09-17 14:37:02,688009.SH,S,5.360,200
1620,49,2025-09-17,2025-09-17 14:37:00,002072.SZ,S,8.090,300
1621,49,2025-09-17,2025-09-17 14:37:00,600211.SH,S,52.330,100
1622,60,2025-09-17,2025-09-17 14:37:00,603565.SH,B,11.270,100
1623,49,2025-09-17,2025-09-17 14:37:00,600211.SH,S,52.340,100
1624,51,2025-09-17,2025-09-17 14:37:03,002565.SZ,B,7.180,400
1625,49,2025-09-17,2025-09-17 14:36:59,000651.SZ,S,40.710,300
1626,49,2025-09-17,2025-09-17 14:36:59,603033.SH,S,12.400,300
1627,49,2025-09-17,2025-09-17 14:36:59,000001.SZ,S,11.630,500
1628,49,2025-09-17,2025-09-17 14:36:58,000913.SZ,S,17.880,300
1629,49,2025-09-17,2025-09-17 14:36:58,600326.SH,S,13.600,600
1630,60,2025-09-17,2025-09-17 14:36:58,600248.SH,B,4.020,1700
1631,60,2025-09-17,2025-09-17 14:36:57,601339.SH,S,5.500,900
1632,49,2025-09-17,2025-09-17 14:36:56,603259.SH,S,108.960,100
1633,49,2025-09-17,2025-09-17 14:36:56,000586.SZ,S,13.110,600
1634,49,2025-09-17,2025-09-17 14:36:57,300369.SZ,S,7.870,300
1635,49,2025-09-17,2025-09-17 14:36:56,601108.SH,S,8.520,100
1636,49,2025-09-17,2025-09-17 14:36:56,603259.SH,S,108.960,100
1637,49,2025-09-17,2025-09-17 14:36:56,688309.SH,S,24.920,89
