,fund_id,trade_dt,trade_time,s_info_windcode,direction,price,qty
0,44,2025-10-13,2025-10-13 14:56:53,000897.SZ,S,2.280,200
1,61,2025-10-13,2025-10-13 14:56:53,601121.SH,S,7.230,100
2,61,2025-10-13,2025-10-13 14:56:53,600935.SH,S,2.440,100
3,61,2025-10-13,2025-10-13 14:56:34,300657.SZ,B,32.200,400
4,61,2025-10-13,2025-10-13 14:56:30,002506.SZ,S,2.490,200
5,63,2025-10-13,2025-10-13 14:56:22,300324.SZ,B,6.090,1400
6,63,2025-10-13,2025-10-13 14:56:21,603959.SH,S,6.710,1000
7,61,2025-10-13,2025-10-13 14:56:21,603959.SH,S,6.710,900
8,63,2025-10-13,2025-10-13 14:56:20,002638.SZ,S,2.720,900
9,63,2025-10-13,2025-10-13 14:56:20,002638.SZ,S,2.720,2800
10,63,2025-10-13,2025-10-13 14:56:20,002638.SZ,S,2.720,1400
11,61,2025-10-13,2025-10-13 14:56:18,301381.SZ,B,23.220,100
12,61,2025-10-13,2025-10-13 14:56:17,301381.SZ,B,23.210,100
13,58,2025-10-13,2025-10-13 14:56:15,603773.SH,B,32.230,200
14,58,2025-10-13,2025-10-13 14:56:15,301171.SZ,S,30.950,100
15,61,2025-10-13,2025-10-13 14:56:16,601908.SH,S,4.160,100
16,59,2025-10-13,2025-10-13 14:56:15,600828.SH,S,3.960,100
17,58,2025-10-13,2025-10-13 14:56:13,300184.SZ,B,11.140,700
18,58,2025-10-13,2025-10-13 14:56:13,600338.SH,S,13.660,700
19,58,2025-10-13,2025-10-13 14:56:13,002080.SZ,B,32.330,400
20,58,2025-10-13,2025-10-13 14:56:11,002150.SZ,S,18.600,600
21,63,2025-10-13,2025-10-13 14:56:12,600487.SH,B,22.140,400
22,59,2025-10-13,2025-10-13 14:56:11,300184.SZ,B,11.140,500
23,44,2025-10-13,2025-10-13 14:56:08,600131.SH,S,18.380,100
24,63,2025-10-13,2025-10-13 14:56:08,002317.SZ,S,16.710,300
25,61,2025-10-13,2025-10-13 14:56:07,300184.SZ,B,11.140,1300
26,63,2025-10-13,2025-10-13 14:56:07,002150.SZ,S,18.600,69
27,61,2025-10-13,2025-10-13 14:56:07,002150.SZ,S,18.600,669
28,63,2025-10-13,2025-10-13 14:56:07,002150.SZ,S,18.600,431
29,61,2025-10-13,2025-10-13 14:56:07,002150.SZ,S,18.600,300
30,63,2025-10-13,2025-10-13 14:56:07,002517.SZ,B,24.580,300
31,61,2025-10-13,2025-10-13 14:56:07,002150.SZ,S,18.600,31
32,52,2025-10-13,2025-10-13 14:56:05,300184.SZ,B,11.140,500
33,58,2025-10-13,2025-10-13 14:56:01,603101.SH,S,10.650,100
34,61,2025-10-13,2025-10-13 14:56:01,000753.SZ,S,7.700,400
35,63,2025-10-13,2025-10-13 14:56:01,300153.SZ,B,35.070,100
36,52,2025-10-13,2025-10-13 14:56:00,000672.SZ,S,11.290,100
37,63,2025-10-13,2025-10-13 14:55:50,002059.SZ,S,5.580,2700
38,58,2025-10-13,2025-10-13 14:55:46,000753.SZ,S,7.710,200
39,61,2025-10-13,2025-10-13 14:55:44,301511.SZ,B,32.290,100
40,63,2025-10-13,2025-10-13 14:55:40,002517.SZ,B,24.580,200
41,44,2025-10-13,2025-10-13 14:55:39,600495.SH,S,5.080,100
42,61,2025-10-13,2025-10-13 14:55:39,600338.SH,S,13.660,400
43,44,2025-10-13,2025-10-13 14:55:35,600535.SH,S,15.960,100
44,63,2025-10-13,2025-10-13 14:55:35,300124.SZ,B,81.530,100
45,63,2025-10-13,2025-10-13 14:55:33,301217.SZ,B,29.420,200
46,63,2025-10-13,2025-10-13 14:55:33,301217.SZ,B,29.420,100
47,63,2025-10-13,2025-10-13 14:55:32,301511.SZ,B,32.270,100
48,52,2025-10-13,2025-10-13 14:54:58,300773.SZ,S,24.040,100
49,58,2025-10-13,2025-10-13 14:55:27,300995.SZ,B,49.870,100
50,58,2025-10-13,2025-10-13 14:55:23,002021.SZ,S,3.050,100
51,59,2025-10-13,2025-10-13 14:55:18,003038.SZ,S,16.750,100
52,58,2025-10-13,2025-10-13 14:55:10,300582.SZ,B,16.200,200
53,63,2025-10-13,2025-10-13 14:55:05,688148.SH,S,6.350,4600
54,58,2025-10-13,2025-10-13 14:55:05,600169.SH,S,2.680,100
55,63,2025-10-13,2025-10-13 14:55:04,603359.SH,S,8.930,400
56,52,2025-10-13,2025-10-13 14:46:22,600169.SH,S,2.680,100
57,61,2025-10-13,2025-10-13 14:55:03,002021.SZ,S,3.050,100
58,63,2025-10-13,2025-10-13 14:55:03,002021.SZ,S,3.050,200
59,63,2025-10-13,2025-10-13 14:55:03,002021.SZ,S,3.050,1500
60,61,2025-10-13,2025-10-13 14:55:02,300184.SZ,B,11.140,300
61,61,2025-10-13,2025-10-13 14:55:00,002622.SZ,S,3.150,900
62,59,2025-10-13,2025-10-13 14:55:00,002622.SZ,S,3.150,300
63,58,2025-10-13,2025-10-13 14:55:00,002622.SZ,S,3.150,900
64,58,2025-10-13,2025-10-13 14:54:57,300995.SZ,B,49.900,100
65,61,2025-10-13,2025-10-13 14:54:52,300002.SZ,S,12.970,14
66,61,2025-10-13,2025-10-13 14:54:50,300002.SZ,S,12.970,86
67,58,2025-10-13,2025-10-13 14:54:47,688403.SH,S,18.560,221
68,61,2025-10-13,2025-10-13 14:54:47,601618.SH,S,4.020,100
69,44,2025-10-13,2025-10-13 14:54:45,600586.SH,S,4.970,100
70,44,2025-10-13,2025-10-13 14:54:46,600642.SH,S,8.060,100
71,58,2025-10-13,2025-10-13 14:54:46,600888.SH,S,8.480,100
72,44,2025-10-13,2025-10-13 14:54:45,600935.SH,S,2.440,800
73,52,2025-10-13,2025-10-13 14:47:08,688223.SH,B,5.560,1264
74,58,2025-10-13,2025-10-13 14:54:31,002317.SZ,S,16.720,100
75,58,2025-10-13,2025-10-13 14:54:30,002317.SZ,S,16.720,200
76,44,2025-10-13,2025-10-13 14:54:13,001391.SZ,S,6.540,400
77,61,2025-10-13,2025-10-13 14:54:14,300907.SZ,B,35.170,100
78,44,2025-10-13,2025-10-13 14:54:11,000008.SZ,S,2.900,1000
79,61,2025-10-13,2025-10-13 14:54:09,601018.SH,S,3.750,100
80,44,2025-10-13,2025-10-13 14:54:03,002226.SZ,S,7.010,500
81,63,2025-10-13,2025-10-13 14:54:03,603189.SH,S,22.070,400
82,63,2025-10-13,2025-10-13 14:53:56,002638.SZ,S,2.730,700
83,59,2025-10-13,2025-10-13 14:53:56,002638.SZ,S,2.730,100
84,63,2025-10-13,2025-10-13 14:53:56,002638.SZ,S,2.730,400
85,63,2025-10-13,2025-10-13 14:53:56,002638.SZ,S,2.730,200
86,63,2025-10-13,2025-10-13 14:53:56,002638.SZ,S,2.730,200
87,63,2025-10-13,2025-10-13 14:53:55,002638.SZ,S,2.730,500
88,44,2025-10-13,2025-10-13 14:53:52,000552.SZ,S,2.570,100
89,61,2025-10-13,2025-10-13 14:53:51,300185.SZ,S,3.210,100
90,52,2025-10-13,2025-10-13 14:53:50,600239.SH,S,2.610,100
91,63,2025-10-13,2025-10-13 14:53:48,002638.SZ,S,2.730,200
92,59,2025-10-13,2025-10-13 14:53:45,603920.SH,S,41.610,100
93,63,2025-10-13,2025-10-13 14:53:39,002638.SZ,S,2.730,200
94,63,2025-10-13,2025-10-13 14:53:39,002638.SZ,S,2.730,300
95,63,2025-10-13,2025-10-13 14:53:39,002638.SZ,S,2.730,600
96,63,2025-10-13,2025-10-13 14:53:39,002638.SZ,S,2.730,2400
97,61,2025-10-13,2025-10-13 14:53:39,301511.SZ,B,32.330,100
98,61,2025-10-13,2025-10-13 14:53:32,002150.SZ,S,18.600,100
99,61,2025-10-13,2025-10-13 14:53:32,002150.SZ,S,18.600,100
100,44,2025-10-13,2025-10-13 14:53:28,300098.SZ,S,5.720,300
101,58,2025-10-13,2025-10-13 14:53:24,002123.SZ,B,12.750,400
102,58,2025-10-13,2025-10-13 14:53:22,603520.SH,S,11.010,100
103,59,2025-10-13,2025-10-13 14:53:18,003040.SZ,S,20.320,100
104,58,2025-10-13,2025-10-13 14:53:16,300907.SZ,B,35.170,100
105,58,2025-10-13,2025-10-13 14:53:01,300730.SZ,B,17.020,100
106,59,2025-10-13,2025-10-13 14:53:00,002552.SZ,S,17.130,100
107,58,2025-10-13,2025-10-13 14:53:01,300730.SZ,B,17.020,100
108,58,2025-10-13,2025-10-13 14:52:58,300730.SZ,B,17.020,200
109,52,2025-10-13,2025-10-13 14:52:52,600338.SH,S,13.660,200
110,58,2025-10-13,2025-10-13 14:52:52,002662.SZ,S,3.850,100
111,61,2025-10-13,2025-10-13 14:52:42,000672.SZ,S,11.300,200
112,59,2025-10-13,2025-10-13 14:52:39,300657.SZ,B,32.300,400
113,63,2025-10-13,2025-10-13 14:52:38,300153.SZ,B,35.140,100
114,58,2025-10-13,2025-10-13 14:52:32,300907.SZ,B,35.170,100
115,52,2025-10-13,2025-10-13 14:52:29,301511.SZ,B,32.360,100
116,44,2025-10-13,2025-10-13 14:52:20,600256.SH,S,5.300,200
117,44,2025-10-13,2025-10-13 14:52:20,600256.SH,S,5.300,900
118,59,2025-10-13,2025-10-13 14:52:17,002045.SZ,B,17.390,400
119,61,2025-10-13,2025-10-13 14:52:16,688343.SH,B,81.710,194
120,61,2025-10-13,2025-10-13 14:52:16,688343.SH,B,81.710,200
121,58,2025-10-13,2025-10-13 14:52:12,002045.SZ,B,17.390,200
122,61,2025-10-13,2025-10-13 14:52:09,603158.SH,S,10.380,100
123,52,2025-10-13,2025-10-13 14:50:40,600103.SH,S,3.470,100
124,63,2025-10-13,2025-10-13 14:52:05,688148.SH,S,6.360,869
125,63,2025-10-13,2025-10-13 14:52:05,688148.SH,S,6.360,300
126,63,2025-10-13,2025-10-13 14:52:05,688148.SH,S,6.360,300
127,63,2025-10-13,2025-10-13 14:52:05,688148.SH,S,6.360,348
128,63,2025-10-13,2025-10-13 14:52:05,688148.SH,S,6.360,400
129,63,2025-10-13,2025-10-13 14:52:05,688148.SH,S,6.360,141
130,58,2025-10-13,2025-10-13 14:51:56,301511.SZ,B,32.310,100
131,44,2025-10-13,2025-10-13 14:51:56,000055.SZ,S,4.280,100
132,61,2025-10-13,2025-10-13 14:51:53,002627.SZ,S,5.800,100
133,52,2025-10-13,2025-10-13 14:51:52,002905.SZ,S,10.070,100
134,58,2025-10-13,2025-10-13 14:51:53,000813.SZ,S,4.120,1800
135,58,2025-10-13,2025-10-13 14:51:42,300582.SZ,B,16.210,200
136,58,2025-10-13,2025-10-13 14:51:49,002456.SZ,S,12.510,100
137,52,2025-10-13,2025-10-13 14:46:21,000813.SZ,S,4.130,500
138,59,2025-10-13,2025-10-13 14:51:43,301171.SZ,S,31.040,100
139,63,2025-10-13,2025-10-13 14:51:40,000887.SZ,B,23.160,400
140,61,2025-10-13,2025-10-13 14:51:38,300493.SZ,S,21.720,100
141,61,2025-10-13,2025-10-13 14:51:38,300493.SZ,S,21.720,100
142,58,2025-10-13,2025-10-13 14:51:38,300657.SZ,B,32.300,300
143,63,2025-10-13,2025-10-13 14:51:37,002008.SZ,B,37.210,100
144,63,2025-10-13,2025-10-13 14:51:34,002272.SZ,B,16.550,300
145,58,2025-10-13,2025-10-13 14:51:32,300657.SZ,B,32.300,100
146,63,2025-10-13,2025-10-13 14:51:33,600933.SH,B,20.660,300
147,59,2025-10-13,2025-10-13 14:51:31,000048.SZ,S,16.850,100
148,59,2025-10-13,2025-10-13 14:51:22,000753.SZ,S,7.690,200
149,61,2025-10-13,2025-10-13 14:51:22,301381.SZ,B,23.190,100
150,61,2025-10-13,2025-10-13 14:51:20,301381.SZ,B,23.190,200
151,61,2025-10-13,2025-10-13 14:51:20,301381.SZ,B,23.190,100
152,61,2025-10-13,2025-10-13 14:51:20,301381.SZ,B,23.190,100
153,59,2025-10-13,2025-10-13 14:51:20,603959.SH,S,6.700,900
154,61,2025-10-13,2025-10-13 14:51:18,603959.SH,S,6.700,1500
155,63,2025-10-13,2025-10-13 14:51:18,603959.SH,S,6.700,1500
156,58,2025-10-13,2025-10-13 14:51:16,000672.SZ,S,11.280,200
157,63,2025-10-13,2025-10-13 14:51:13,603359.SH,S,8.930,400
158,61,2025-10-13,2025-10-13 14:51:13,300324.SZ,S,6.080,200
159,61,2025-10-13,2025-10-13 14:51:13,002537.SZ,S,8.740,100
160,58,2025-10-13,2025-10-13 14:51:13,300184.SZ,B,11.140,800
161,52,2025-10-13,2025-10-13 14:50:07,002622.SZ,S,3.150,300
162,58,2025-10-13,2025-10-13 14:51:12,603959.SH,S,6.700,400
163,58,2025-10-13,2025-10-13 14:51:12,603959.SH,S,6.700,100
164,58,2025-10-13,2025-10-13 14:51:12,603959.SH,S,6.700,200
165,61,2025-10-13,2025-10-13 14:51:08,300995.SZ,B,49.880,100
166,61,2025-10-13,2025-10-13 14:51:07,603219.SH,B,17.900,100
167,58,2025-10-13,2025-10-13 14:51:04,603344.SH,B,28.330,100
168,58,2025-10-13,2025-10-13 14:51:04,603344.SH,B,28.330,100
169,58,2025-10-13,2025-10-13 14:51:03,603344.SH,B,28.330,200
170,63,2025-10-13,2025-10-13 14:51:00,300517.SZ,S,11.660,100
171,63,2025-10-13,2025-10-13 14:51:00,300517.SZ,S,11.660,100
172,63,2025-10-13,2025-10-13 14:51:00,300517.SZ,S,11.660,100
173,61,2025-10-13,2025-10-13 14:50:58,300730.SZ,B,17.030,300
174,63,2025-10-13,2025-10-13 14:50:57,300207.SZ,B,31.690,200
175,58,2025-10-13,2025-10-13 14:50:57,300324.SZ,S,6.080,900
176,59,2025-10-13,2025-10-13 14:50:56,600338.SH,S,13.650,400
177,61,2025-10-13,2025-10-13 14:50:56,600338.SH,S,13.650,400
178,63,2025-10-13,2025-10-13 14:50:53,300207.SZ,B,31.690,100
179,52,2025-10-13,2025-10-13 14:47:26,002256.SZ,S,3.140,100
180,61,2025-10-13,2025-10-13 14:50:49,600640.SH,B,13.970,300
181,58,2025-10-13,2025-10-13 14:50:48,002905.SZ,S,10.080,400
182,58,2025-10-13,2025-10-13 14:50:41,603219.SH,B,17.910,200
183,58,2025-10-13,2025-10-13 14:50:39,002627.SZ,S,5.800,100
184,58,2025-10-13,2025-10-13 14:50:35,688063.SH,S,67.790,270
185,61,2025-10-13,2025-10-13 14:50:33,688062.SH,S,44.390,200
186,59,2025-10-13,2025-10-13 14:50:31,603266.SH,S,23.860,100
187,52,2025-10-13,2025-10-13 14:50:07,002317.SZ,S,16.740,100
188,52,2025-10-13,2025-10-13 14:50:04,603703.SH,S,11.500,200
189,61,2025-10-13,2025-10-13 14:50:25,600361.SH,S,4.330,100
190,58,2025-10-13,2025-10-13 14:50:25,301252.SZ,B,27.950,300
191,58,2025-10-13,2025-10-13 14:50:25,301252.SZ,B,27.950,100
192,58,2025-10-13,2025-10-13 14:50:25,600721.SH,S,8.910,100
193,59,2025-10-13,2025-10-13 14:50:19,600330.SH,S,10.770,100
194,58,2025-10-13,2025-10-13 14:50:19,301381.SZ,B,23.210,200
195,58,2025-10-13,2025-10-13 14:50:19,301381.SZ,B,23.210,100
196,58,2025-10-13,2025-10-13 14:50:20,002548.SZ,S,4.890,100
197,58,2025-10-13,2025-10-13 14:50:20,603305.SH,S,16.430,100
198,58,2025-10-13,2025-10-13 14:50:19,301381.SZ,B,23.210,100
199,63,2025-10-13,2025-10-13 14:50:19,600330.SH,S,10.770,400
200,59,2025-10-13,2025-10-13 14:50:19,002905.SZ,S,10.080,100
201,58,2025-10-13,2025-10-13 14:50:19,603809.SH,S,14.840,100
202,61,2025-10-13,2025-10-13 14:50:19,002905.SZ,S,10.080,100
203,61,2025-10-13,2025-10-13 14:50:18,002905.SZ,S,10.080,300
204,63,2025-10-13,2025-10-13 14:50:17,002150.SZ,S,18.630,200
205,61,2025-10-13,2025-10-13 14:50:17,603328.SH,S,11.150,100
206,61,2025-10-13,2025-10-13 14:50:17,601686.SH,S,6.390,100
207,59,2025-10-13,2025-10-13 14:50:16,002150.SZ,S,18.630,500
208,58,2025-10-13,2025-10-13 14:50:15,002150.SZ,S,18.630,800
209,61,2025-10-13,2025-10-13 14:50:16,002150.SZ,S,18.630,200
210,58,2025-10-13,2025-10-13 14:50:15,603703.SH,S,11.490,400
211,52,2025-10-13,2025-10-13 14:50:15,002150.SZ,S,18.630,400
212,61,2025-10-13,2025-10-13 14:50:14,002968.SZ,S,12.130,100
213,61,2025-10-13,2025-10-13 14:50:14,002545.SZ,B,13.550,300
214,58,2025-10-13,2025-10-13 14:50:14,688148.SH,S,6.370,200
215,61,2025-10-13,2025-10-13 14:50:13,000813.SZ,S,4.130,300
216,61,2025-10-13,2025-10-13 14:50:13,000813.SZ,S,4.130,300
217,61,2025-10-13,2025-10-13 14:50:13,000813.SZ,S,4.130,100
218,61,2025-10-13,2025-10-13 14:50:13,000813.SZ,S,4.130,300
219,61,2025-10-13,2025-10-13 14:50:13,000813.SZ,S,4.130,400
220,61,2025-10-13,2025-10-13 14:50:13,000813.SZ,S,4.130,100
221,61,2025-10-13,2025-10-13 14:50:12,000813.SZ,S,4.130,200
222,59,2025-10-13,2025-10-13 14:50:12,000813.SZ,S,4.130,600
223,61,2025-10-13,2025-10-13 14:50:10,688222.SH,B,23.210,253
224,61,2025-10-13,2025-10-13 14:50:10,688222.SH,B,23.210,200
225,58,2025-10-13,2025-10-13 14:50:09,603901.SH,S,11.260,100
226,61,2025-10-13,2025-10-13 14:50:08,688063.SH,S,67.870,27
227,61,2025-10-13,2025-10-13 14:50:08,688063.SH,S,67.880,226
228,59,2025-10-13,2025-10-13 14:50:07,688063.SH,S,67.810,200
229,59,2025-10-13,2025-10-13 14:50:07,002317.SZ,S,16.730,100
230,61,2025-10-13,2025-10-13 14:50:07,002317.SZ,S,16.730,300
231,63,2025-10-13,2025-10-13 14:50:07,002317.SZ,S,16.730,400
232,52,2025-10-13,2025-10-13 14:50:06,600638.SH,S,5.980,100
233,61,2025-10-13,2025-10-13 14:50:04,002354.SZ,B,6.820,400
234,59,2025-10-13,2025-10-13 14:50:04,002354.SZ,B,6.820,400
235,58,2025-10-13,2025-10-13 14:50:02,600658.SH,S,5.510,100
236,59,2025-10-13,2025-10-13 14:50:01,301381.SZ,B,23.210,400
237,52,2025-10-13,2025-10-13 14:49:57,002501.SZ,B,2.480,400
238,59,2025-10-13,2025-10-13 14:49:57,002778.SZ,S,21.380,200
239,58,2025-10-13,2025-10-13 14:49:56,002968.SZ,S,12.130,100
240,61,2025-10-13,2025-10-13 14:49:54,600721.SH,S,8.930,100
241,61,2025-10-13,2025-10-13 14:49:51,002045.SZ,B,17.380,600
242,63,2025-10-13,2025-10-13 14:49:49,000629.SZ,S,3.130,600
243,63,2025-10-13,2025-10-13 14:49:49,000629.SZ,S,3.130,100
244,58,2025-10-13,2025-10-13 14:49:48,002537.SZ,B,8.740,200
245,52,2025-10-13,2025-10-13 14:49:28,002778.SZ,S,21.390,200
246,63,2025-10-13,2025-10-13 14:49:44,002617.SZ,B,8.930,600
247,61,2025-10-13,2025-10-13 14:49:44,301511.SZ,B,32.370,100
248,63,2025-10-13,2025-10-13 14:49:43,601728.SH,S,6.850,400
249,61,2025-10-13,2025-10-13 14:49:41,300364.SZ,B,25.750,100
250,63,2025-10-13,2025-10-13 14:49:40,002517.SZ,B,24.580,400
251,61,2025-10-13,2025-10-13 14:49:39,002778.SZ,S,21.390,400
252,61,2025-10-13,2025-10-13 14:49:38,603344.SH,B,28.320,100
253,61,2025-10-13,2025-10-13 14:49:37,603703.SH,S,11.500,600
254,63,2025-10-13,2025-10-13 14:49:37,300124.SZ,B,81.600,200
255,63,2025-10-13,2025-10-13 14:49:37,600760.SH,S,70.950,300
256,59,2025-10-13,2025-10-13 14:49:37,603703.SH,S,11.500,200
257,61,2025-10-13,2025-10-13 14:49:35,002778.SZ,S,21.390,100
258,58,2025-10-13,2025-10-13 14:49:34,600640.SH,B,13.980,400
259,52,2025-10-13,2025-10-13 14:48:18,300184.SZ,B,11.140,200
260,52,2025-10-13,2025-10-13 14:48:18,300184.SZ,B,11.140,500
261,63,2025-10-13,2025-10-13 14:49:33,300324.SZ,B,6.070,2200
262,61,2025-10-13,2025-10-13 14:49:32,002677.SZ,S,7.230,100
263,58,2025-10-13,2025-10-13 14:49:31,301333.SZ,B,51.240,200
264,58,2025-10-13,2025-10-13 14:49:30,002778.SZ,S,21.380,400
265,58,2025-10-13,2025-10-13 14:49:30,688062.SH,S,44.390,200
266,63,2025-10-13,2025-10-13 14:49:25,300324.SZ,B,6.070,100
267,58,2025-10-13,2025-10-13 14:49:04,600487.SH,B,22.140,200
268,58,2025-10-13,2025-10-13 14:49:02,603959.SH,S,6.710,1900
269,52,2025-10-13,2025-10-13 14:46:21,603959.SH,S,6.710,800
270,61,2025-10-13,2025-10-13 14:48:53,300575.SZ,S,6.560,43
271,63,2025-10-13,2025-10-13 14:48:53,600104.SH,B,16.790,300
272,61,2025-10-13,2025-10-13 14:48:53,300575.SZ,S,6.560,57
273,58,2025-10-13,2025-10-13 14:48:50,300364.SZ,B,25.740,100
274,58,2025-10-13,2025-10-13 14:48:50,300364.SZ,B,25.740,100
275,58,2025-10-13,2025-10-13 14:48:50,300364.SZ,B,25.740,200
276,58,2025-10-13,2025-10-13 14:48:43,301511.SZ,B,32.330,300
277,60,2025-10-13,2025-10-13 14:48:42,600497.SH,S,7.130,1400
278,60,2025-10-13,2025-10-13 14:48:42,300769.SZ,S,42.770,500
279,60,2025-10-13,2025-10-13 14:48:42,600497.SH,S,7.130,2000
280,60,2025-10-13,2025-10-13 14:48:42,300769.SZ,S,42.770,200
281,44,2025-10-13,2025-10-13 14:48:42,000767.SZ,S,2.900,100
282,61,2025-10-13,2025-10-13 14:48:38,603101.SH,S,10.670,100
283,58,2025-10-13,2025-10-13 14:48:36,603986.SH,S,207.800,100
284,58,2025-10-13,2025-10-13 14:48:37,002772.SZ,S,10.260,300
285,52,2025-10-13,2025-10-13 14:48:36,002772.SZ,S,10.260,200
286,58,2025-10-13,2025-10-13 14:48:36,002045.SZ,B,17.380,400
287,63,2025-10-13,2025-10-13 14:48:28,300364.SZ,B,25.740,300
288,58,2025-10-13,2025-10-13 14:48:27,002501.SZ,B,2.480,1200
289,63,2025-10-13,2025-10-13 14:48:19,603045.SH,S,19.850,300
290,59,2025-10-13,2025-10-13 14:48:11,300184.SZ,B,11.140,1400
291,52,2025-10-13,2025-10-13 14:46:28,000753.SZ,S,7.710,100
292,63,2025-10-13,2025-10-13 14:48:08,300153.SZ,B,35.110,100
293,58,2025-10-13,2025-10-13 14:48:02,601121.SH,S,7.260,100
294,59,2025-10-13,2025-10-13 14:48:00,000700.SZ,S,10.080,100
295,63,2025-10-13,2025-10-13 14:47:56,600487.SH,B,22.140,1100
296,61,2025-10-13,2025-10-13 14:47:56,600487.SH,B,22.140,100
297,58,2025-10-13,2025-10-13 14:47:49,300467.SZ,B,24.770,200
298,58,2025-10-13,2025-10-13 14:47:46,603151.SH,S,25.970,100
299,61,2025-10-13,2025-10-13 14:47:46,603151.SH,S,25.980,100
300,58,2025-10-13,2025-10-13 14:47:39,300493.SZ,B,21.680,1400
301,58,2025-10-13,2025-10-13 14:47:39,002008.SZ,B,37.220,200
302,58,2025-10-13,2025-10-13 14:47:33,000889.SZ,S,3.780,13100
303,52,2025-10-13,2025-10-13 14:47:30,000889.SZ,S,3.780,3900
304,61,2025-10-13,2025-10-13 14:47:30,600933.SH,S,20.660,100
305,61,2025-10-13,2025-10-13 14:47:25,300533.SZ,B,36.480,100
306,61,2025-10-13,2025-10-13 14:47:24,002772.SZ,S,10.270,300
307,63,2025-10-13,2025-10-13 14:47:24,002772.SZ,S,10.270,300
308,63,2025-10-13,2025-10-13 14:47:23,002772.SZ,S,10.270,300
309,59,2025-10-13,2025-10-13 14:47:22,300533.SZ,B,36.470,100
310,59,2025-10-13,2025-10-13 14:47:22,300533.SZ,B,36.470,100
311,59,2025-10-13,2025-10-13 14:47:22,300533.SZ,B,36.470,100
312,59,2025-10-13,2025-10-13 14:47:22,300533.SZ,B,36.470,100
313,58,2025-10-13,2025-10-13 14:47:22,300185.SZ,S,3.210,100
314,59,2025-10-13,2025-10-13 14:47:22,002772.SZ,S,10.270,100
315,61,2025-10-13,2025-10-13 14:47:13,002008.SZ,B,37.260,100
316,59,2025-10-13,2025-10-13 14:47:11,301511.SZ,B,32.380,400
317,63,2025-10-13,2025-10-13 14:47:11,301511.SZ,B,32.380,500
318,63,2025-10-13,2025-10-13 14:47:10,002008.SZ,B,37.260,100
319,63,2025-10-13,2025-10-13 14:47:10,002008.SZ,B,37.260,100
320,58,2025-10-13,2025-10-13 14:47:08,002263.SZ,B,3.610,200
321,61,2025-10-13,2025-10-13 14:47:04,301252.SZ,B,27.950,100
322,58,2025-10-13,2025-10-13 14:46:54,002354.SZ,B,6.820,400
323,52,2025-10-13,2025-10-13 14:46:52,000617.SZ,S,11.050,100
324,61,2025-10-13,2025-10-13 14:46:53,301252.SZ,B,27.950,300
325,52,2025-10-13,2025-10-13 14:46:43,301511.SZ,B,32.370,300
326,61,2025-10-13,2025-10-13 14:46:51,688717.SH,B,73.450,541
327,52,2025-10-13,2025-10-13 14:46:35,600487.SH,B,22.140,400
328,58,2025-10-13,2025-10-13 14:46:44,688403.SH,S,18.570,200
329,61,2025-10-13,2025-10-13 14:46:37,002915.SZ,B,26.090,100
330,63,2025-10-13,2025-10-13 14:46:30,002256.SZ,S,3.130,1600
331,59,2025-10-13,2025-10-13 14:46:29,688403.SH,S,18.560,200
332,63,2025-10-13,2025-10-13 14:46:28,000887.SZ,B,23.170,200
333,63,2025-10-13,2025-10-13 14:46:27,000887.SZ,B,23.170,300
334,63,2025-10-13,2025-10-13 14:46:25,000887.SZ,B,23.170,300
335,61,2025-10-13,2025-10-13 14:46:17,688403.SH,S,18.540,394
336,61,2025-10-13,2025-10-13 14:46:15,600169.SH,S,2.670,100
337,61,2025-10-13,2025-10-13 14:46:15,000931.SZ,S,5.250,32
338,61,2025-10-13,2025-10-13 14:46:15,000889.SZ,S,3.810,2100
339,61,2025-10-13,2025-10-13 14:46:15,000889.SZ,S,3.810,500
340,61,2025-10-13,2025-10-13 14:46:15,002501.SZ,B,2.480,1300
341,61,2025-10-13,2025-10-13 14:46:15,000931.SZ,S,5.250,68
342,61,2025-10-13,2025-10-13 14:46:15,000889.SZ,S,3.810,9700
343,59,2025-10-13,2025-10-13 14:46:14,000889.SZ,S,3.810,4700
344,59,2025-10-13,2025-10-13 14:46:14,002501.SZ,B,2.480,1100
345,63,2025-10-13,2025-10-13 14:46:14,000889.SZ,S,3.810,4900
346,63,2025-10-13,2025-10-13 14:46:14,000889.SZ,S,3.810,1800
347,44,2025-10-13,2025-10-13 14:45:59,601228.SH,S,3.360,100
348,44,2025-10-13,2025-10-13 14:45:48,600684.SH,S,5.630,100
349,44,2025-10-13,2025-10-13 14:44:46,601828.SH,S,2.810,100
350,44,2025-10-13,2025-10-13 14:44:46,601828.SH,S,2.810,200
351,44,2025-10-13,2025-10-13 14:44:14,601339.SH,S,5.620,300
352,44,2025-10-13,2025-10-13 14:44:02,600675.SH,S,2.940,500
353,61,2025-10-13,2025-10-13 14:43:30,002269.SZ,S,2.340,100
354,44,2025-10-13,2025-10-13 14:43:23,600292.SH,S,12.630,100
355,44,2025-10-13,2025-10-13 14:43:10,002204.SZ,S,6.560,100
356,61,2025-10-13,2025-10-13 14:43:08,600239.SH,S,2.610,100
357,59,2025-10-13,2025-10-13 14:43:03,300493.SZ,B,21.700,400
358,44,2025-10-13,2025-10-13 14:43:04,600834.SH,S,8.850,200
359,61,2025-10-13,2025-10-13 14:43:00,300493.SZ,B,21.700,1300
360,44,2025-10-13,2025-10-13 14:42:57,301090.SZ,S,7.630,100
361,61,2025-10-13,2025-10-13 14:42:48,600935.SH,B,2.450,200
362,44,2025-10-13,2025-10-13 14:42:45,600100.SH,S,8.150,100
363,44,2025-10-13,2025-10-13 14:42:40,300110.SZ,S,3.210,100
364,44,2025-10-13,2025-10-13 14:42:24,603125.SH,S,17.350,100
365,61,2025-10-13,2025-10-13 14:42:22,603456.SH,S,19.290,200
366,44,2025-10-13,2025-10-13 14:42:20,000523.SZ,S,3.130,500
367,44,2025-10-13,2025-10-13 14:42:20,600880.SH,S,4.820,200
368,44,2025-10-13,2025-10-13 14:42:13,300006.SZ,S,4.250,100
369,44,2025-10-13,2025-10-13 14:41:49,002603.SZ,S,16.040,100
370,63,2025-10-13,2025-10-13 14:41:48,000629.SZ,S,3.130,100
371,44,2025-10-13,2025-10-13 14:41:21,600251.SH,S,8.970,200
372,44,2025-10-13,2025-10-13 14:41:13,300009.SZ,S,10.200,200
373,52,2025-10-13,2025-10-13 14:40:06,300185.SZ,S,3.210,100
374,44,2025-10-13,2025-10-13 14:40:29,601778.SH,S,3.760,200
375,59,2025-10-13,2025-10-13 14:40:28,000514.SZ,S,5.430,100
376,58,2025-10-13,2025-10-13 14:40:25,688222.SH,B,23.250,200
377,44,2025-10-13,2025-10-13 14:40:20,600844.SH,S,2.980,100
378,44,2025-10-13,2025-10-13 14:40:16,603056.SH,S,15.340,100
379,44,2025-10-13,2025-10-13 14:40:08,002520.SZ,S,6.020,100
380,44,2025-10-13,2025-10-13 14:40:07,300459.SZ,S,4.690,300
381,44,2025-10-13,2025-10-13 14:40:07,000927.SZ,S,2.650,700
382,44,2025-10-13,2025-10-13 14:40:07,002542.SZ,S,3.620,100
383,44,2025-10-13,2025-10-13 14:40:07,301058.SZ,S,11.170,100
384,44,2025-10-13,2025-10-13 14:40:06,000059.SZ,S,5.130,200
385,58,2025-10-13,2025-10-13 14:40:06,600239.SH,S,2.610,100
386,59,2025-10-13,2025-10-13 14:40:04,002535.SZ,S,3.980,100
387,44,2025-10-13,2025-10-13 14:40:03,002283.SZ,S,6.510,100
388,44,2025-10-13,2025-10-13 14:40:03,603579.SH,S,31.450,100
389,44,2025-10-13,2025-10-13 14:40:02,002506.SZ,S,2.490,200
390,44,2025-10-13,2025-10-13 14:40:02,002506.SZ,S,2.490,100
391,44,2025-10-13,2025-10-13 14:40:02,002506.SZ,S,2.490,500
392,44,2025-10-13,2025-10-13 14:40:02,002506.SZ,S,2.490,1000
393,58,2025-10-13,2025-10-13 14:40:03,300324.SZ,B,6.070,4300
394,44,2025-10-13,2025-10-13 14:40:02,002506.SZ,S,2.490,500
395,44,2025-10-13,2025-10-13 14:39:59,300190.SZ,S,4.350,200
396,44,2025-10-13,2025-10-13 14:39:58,600189.SH,S,7.120,100
397,44,2025-10-13,2025-10-13 14:39:57,002373.SZ,S,11.440,100
398,44,2025-10-13,2025-10-13 14:39:56,002292.SZ,S,8.710,200
399,44,2025-10-13,2025-10-13 14:39:54,000677.SZ,S,5.170,100
400,44,2025-10-13,2025-10-13 14:39:43,603992.SH,S,29.200,100
401,59,2025-10-13,2025-10-13 14:39:43,002871.SZ,S,15.810,100
402,44,2025-10-13,2025-10-13 14:39:37,300185.SZ,S,3.210,100
403,60,2025-10-13,2025-10-13 14:39:37,301358.SZ,S,60.050,500
404,44,2025-10-13,2025-10-13 14:39:34,600537.SH,S,3.740,100
405,52,2025-10-13,2025-10-13 14:37:31,603359.SH,S,8.950,100
406,44,2025-10-13,2025-10-13 14:39:22,002079.SZ,S,10.550,100
407,44,2025-10-13,2025-10-13 14:39:22,605168.SH,S,30.100,100
408,61,2025-10-13,2025-10-13 14:39:21,300493.SZ,B,21.700,300
409,44,2025-10-13,2025-10-13 14:39:19,603281.SH,S,25.420,100
410,44,2025-10-13,2025-10-13 14:39:09,601018.SH,S,3.750,300
411,44,2025-10-13,2025-10-13 14:39:09,601018.SH,S,3.750,1000
412,44,2025-10-13,2025-10-13 14:39:07,002965.SZ,S,42.330,100
413,44,2025-10-13,2025-10-13 14:39:07,002533.SZ,S,12.770,100
414,61,2025-10-13,2025-10-13 14:39:07,002545.SZ,S,13.580,500
415,58,2025-10-13,2025-10-13 14:39:01,688222.SH,B,23.300,256
416,44,2025-10-13,2025-10-13 14:39:00,603456.SH,S,19.310,100
417,44,2025-10-13,2025-10-13 14:38:59,000566.SZ,S,5.400,200
418,60,2025-10-13,2025-10-13 14:38:58,300085.SZ,S,48.700,100
419,61,2025-10-13,2025-10-13 14:38:57,603773.SH,B,32.210,100
420,61,2025-10-13,2025-10-13 14:38:57,002662.SZ,S,3.860,100
421,52,2025-10-13,2025-10-13 14:38:50,002150.SZ,S,18.660,100
422,44,2025-10-13,2025-10-13 14:38:46,002145.SZ,S,5.990,100
423,61,2025-10-13,2025-10-13 14:38:41,300043.SZ,S,6.500,200
424,58,2025-10-13,2025-10-13 14:38:40,000061.SZ,S,8.290,100
425,44,2025-10-13,2025-10-13 14:38:34,002372.SZ,S,10.030,100
426,44,2025-10-13,2025-10-13 14:38:34,600459.SH,S,17.680,100
427,44,2025-10-13,2025-10-13 14:38:33,603766.SH,S,13.350,100
428,60,2025-10-13,2025-10-13 14:38:32,002245.SZ,S,18.690,1400
429,44,2025-10-13,2025-10-13 14:38:33,601975.SH,S,3.200,1200
430,44,2025-10-13,2025-10-13 14:38:31,601975.SH,S,3.200,100
431,44,2025-10-13,2025-10-13 14:38:31,601975.SH,S,3.200,200
432,44,2025-10-13,2025-10-13 14:38:28,002361.SZ,S,6.500,200
433,44,2025-10-13,2025-10-13 14:38:28,601975.SH,S,3.200,300
434,58,2025-10-13,2025-10-13 14:38:25,603456.SH,S,19.310,200
435,44,2025-10-13,2025-10-13 14:38:21,601065.SH,S,8.380,100
436,44,2025-10-13,2025-10-13 14:38:21,603758.SH,S,16.090,100
437,44,2025-10-13,2025-10-13 14:38:20,300092.SZ,S,16.970,100
438,44,2025-10-13,2025-10-13 14:38:17,000753.SZ,S,7.700,100
439,44,2025-10-13,2025-10-13 14:38:16,002484.SZ,S,29.860,100
440,44,2025-10-13,2025-10-13 14:38:15,000822.SZ,S,5.600,100
441,58,2025-10-13,2025-10-13 14:38:12,002843.SZ,S,21.910,100
442,61,2025-10-13,2025-10-13 14:38:09,688148.SH,S,6.360,200
443,44,2025-10-13,2025-10-13 14:38:09,600916.SH,S,8.590,100
444,44,2025-10-13,2025-10-13 14:38:08,603738.SH,S,15.260,200
445,60,2025-10-13,2025-10-13 14:38:08,002475.SZ,S,57.950,100
446,44,2025-10-13,2025-10-13 14:38:07,600688.SH,S,2.750,900
447,44,2025-10-13,2025-10-13 14:38:07,600219.SH,S,4.120,100
448,44,2025-10-13,2025-10-13 14:38:07,300213.SZ,S,9.330,100
449,44,2025-10-13,2025-10-13 14:38:04,002162.SZ,S,4.240,100
450,44,2025-10-13,2025-10-13 14:38:03,002238.SZ,S,8.040,100
451,44,2025-10-13,2025-10-13 14:38:01,002953.SZ,S,13.410,200
452,61,2025-10-13,2025-10-13 14:37:58,000061.SZ,S,8.300,100
453,44,2025-10-13,2025-10-13 14:37:58,600178.SH,S,13.350,100
454,59,2025-10-13,2025-10-13 14:37:54,603626.SH,S,13.200,100
455,44,2025-10-13,2025-10-13 14:37:50,601515.SH,S,4.840,300
456,44,2025-10-13,2025-10-13 14:37:42,600361.SH,S,4.330,100
457,44,2025-10-13,2025-10-13 14:37:42,600361.SH,S,4.330,100
458,44,2025-10-13,2025-10-13 14:37:40,688779.SH,S,7.360,296
459,58,2025-10-13,2025-10-13 14:37:30,688222.SH,B,23.300,200
460,63,2025-10-13,2025-10-13 14:37:23,600330.SH,S,10.760,200
461,59,2025-10-13,2025-10-13 14:37:21,600749.SH,S,18.250,100
462,44,2025-10-13,2025-10-13 14:37:11,000717.SZ,S,2.840,200
463,44,2025-10-13,2025-10-13 14:37:05,002695.SZ,S,12.320,100
464,44,2025-10-13,2025-10-13 14:37:04,003816.SZ,S,3.840,200
465,44,2025-10-13,2025-10-13 14:37:03,600052.SH,S,5.260,200
466,44,2025-10-13,2025-10-13 14:36:57,600604.SH,S,6.110,100
467,61,2025-10-13,2025-10-13 14:36:48,600052.SH,S,5.260,100
468,44,2025-10-13,2025-10-13 14:36:37,300079.SZ,S,5.850,200
469,60,2025-10-13,2025-10-13 14:36:37,002812.SZ,B,45.330,100
470,44,2025-10-13,2025-10-13 14:36:32,300145.SZ,S,4.660,200
471,58,2025-10-13,2025-10-13 14:36:33,603151.SH,S,26.100,300
472,60,2025-10-13,2025-10-13 14:36:27,002812.SZ,B,45.360,900
473,60,2025-10-13,2025-10-13 14:36:21,301297.SZ,S,43.810,500
474,44,2025-10-13,2025-10-13 14:36:12,300019.SZ,S,21.520,100
475,44,2025-10-13,2025-10-13 14:36:13,002416.SZ,S,12.510,100
476,44,2025-10-13,2025-10-13 14:36:11,002401.SZ,S,17.410,100
477,44,2025-10-13,2025-10-13 14:36:13,600400.SH,S,2.760,400
478,44,2025-10-13,2025-10-13 14:36:11,002401.SZ,S,17.410,100
479,44,2025-10-13,2025-10-13 14:36:12,300568.SZ,S,13.970,100
480,44,2025-10-13,2025-10-13 14:36:11,300522.SZ,S,13.460,100
481,52,2025-10-13,2025-10-13 14:36:00,002843.SZ,S,21.920,100
482,44,2025-10-13,2025-10-13 14:36:10,300188.SZ,S,15.600,100
483,44,2025-10-13,2025-10-13 14:36:11,300790.SZ,S,30.390,100
484,44,2025-10-13,2025-10-13 14:36:10,600425.SH,S,4.800,100
485,60,2025-10-13,2025-10-13 14:36:09,300236.SZ,S,61.940,100
486,44,2025-10-13,2025-10-13 14:36:07,000703.SZ,S,6.720,100
487,44,2025-10-13,2025-10-13 14:36:07,601728.SH,S,6.850,100
488,52,2025-10-13,2025-10-13 14:36:07,300324.SZ,S,6.080,300
489,44,2025-10-13,2025-10-13 14:36:06,301015.SZ,S,25.860,100
490,59,2025-10-13,2025-10-13 14:36:05,002617.SZ,S,8.940,100
491,44,2025-10-13,2025-10-13 14:36:04,000088.SZ,S,4.450,500
492,44,2025-10-13,2025-10-13 14:36:05,600733.SH,S,7.770,500
493,59,2025-10-13,2025-10-13 14:36:05,300324.SZ,S,6.080,200
494,44,2025-10-13,2025-10-13 14:36:03,002940.SZ,S,38.400,100
495,44,2025-10-13,2025-10-13 14:36:05,002139.SZ,S,14.880,100
496,60,2025-10-13,2025-10-13 14:36:03,002155.SZ,S,23.510,100
497,60,2025-10-13,2025-10-13 14:36:03,002155.SZ,S,23.510,200
498,59,2025-10-13,2025-10-13 14:36:05,300324.SZ,S,6.080,100
499,58,2025-10-13,2025-10-13 14:36:04,688222.SH,B,23.310,200
500,44,2025-10-13,2025-10-13 14:36:03,300315.SZ,S,5.280,100
501,58,2025-10-13,2025-10-13 14:36:01,300885.SZ,S,23.000,100
502,61,2025-10-13,2025-10-13 14:36:01,600284.SH,S,9.320,200
503,52,2025-10-13,2025-10-13 14:35:32,300493.SZ,B,21.750,400
504,52,2025-10-13,2025-10-13 14:35:55,603881.SH,S,34.260,100
505,44,2025-10-13,2025-10-13 14:35:53,300231.SZ,S,11.210,100
506,44,2025-10-13,2025-10-13 14:35:52,002043.SZ,S,11.450,100
507,44,2025-10-13,2025-10-13 14:35:52,301526.SZ,S,6.130,300
508,44,2025-10-13,2025-10-13 14:35:50,300647.SZ,S,6.740,100
509,60,2025-10-13,2025-10-13 14:35:50,603893.SH,B,205.140,100
510,61,2025-10-13,2025-10-13 14:35:50,002164.SZ,S,13.670,200
511,44,2025-10-13,2025-10-13 14:35:50,600581.SH,S,4.710,100
512,44,2025-10-13,2025-10-13 14:35:50,603051.SH,S,22.640,100
513,62,2025-10-13,2025-10-13 14:35:49,300224.SZ,B,19.820,1800
514,60,2025-10-13,2025-10-13 14:35:49,300224.SZ,B,19.820,100
515,60,2025-10-13,2025-10-13 14:35:49,300433.SZ,S,30.430,100
516,60,2025-10-13,2025-10-13 14:35:49,300433.SZ,S,30.430,100
517,60,2025-10-13,2025-10-13 14:35:49,300433.SZ,S,30.430,100
518,60,2025-10-13,2025-10-13 14:35:49,300433.SZ,S,30.430,200
519,44,2025-10-13,2025-10-13 14:35:41,300296.SZ,S,7.260,100
520,61,2025-10-13,2025-10-13 14:35:42,603151.SH,S,26.050,300
521,59,2025-10-13,2025-10-13 14:35:42,603151.SH,S,26.050,100
522,52,2025-10-13,2025-10-13 14:35:37,603151.SH,S,26.050,100
523,44,2025-10-13,2025-10-13 14:35:37,000762.SZ,S,25.100,100
524,60,2025-10-13,2025-10-13 14:35:41,603799.SH,B,70.010,100
525,59,2025-10-13,2025-10-13 14:35:40,300889.SZ,S,20.000,100
526,61,2025-10-13,2025-10-13 14:35:40,300889.SZ,S,20.000,300
527,59,2025-10-13,2025-10-13 14:35:38,600338.SH,S,13.710,100
528,44,2025-10-13,2025-10-13 14:35:38,600846.SH,S,14.820,300
529,61,2025-10-13,2025-10-13 14:35:38,600338.SH,S,13.710,300
530,61,2025-10-13,2025-10-13 14:35:38,002182.SZ,S,15.540,100
531,44,2025-10-13,2025-10-13 14:35:37,000875.SZ,S,6.140,400
532,63,2025-10-13,2025-10-13 14:35:37,002317.SZ,S,16.790,100
533,61,2025-10-13,2025-10-13 14:35:35,002537.SZ,B,8.740,600
534,61,2025-10-13,2025-10-13 14:35:35,300687.SZ,S,27.950,100
535,61,2025-10-13,2025-10-13 14:35:35,300687.SZ,S,27.960,100
536,59,2025-10-13,2025-10-13 14:35:34,300493.SZ,B,21.760,500
537,58,2025-10-13,2025-10-13 14:35:33,600338.SH,S,13.710,300
538,60,2025-10-13,2025-10-13 14:35:34,301358.SZ,S,59.930,200
539,44,2025-10-13,2025-10-13 14:35:30,603098.SH,S,14.100,100
540,61,2025-10-13,2025-10-13 14:35:30,300505.SZ,S,21.980,100
541,44,2025-10-13,2025-10-13 14:35:25,000157.SZ,S,8.020,100
542,58,2025-10-13,2025-10-13 14:35:26,300687.SZ,S,27.950,200
543,59,2025-10-13,2025-10-13 14:35:26,002987.SZ,S,20.860,200
544,61,2025-10-13,2025-10-13 14:35:25,000833.SZ,S,13.550,100
545,44,2025-10-13,2025-10-13 14:35:20,603806.SH,S,15.420,200
546,44,2025-10-13,2025-10-13 14:35:19,002273.SZ,S,25.930,100
547,44,2025-10-13,2025-10-13 14:35:15,600864.SH,S,7.500,300
548,44,2025-10-13,2025-10-13 14:35:11,002555.SZ,S,20.410,200
549,58,2025-10-13,2025-10-13 14:35:07,002429.SZ,B,6.390,1600
550,44,2025-10-13,2025-10-13 14:35:05,300586.SZ,S,10.560,100
551,58,2025-10-13,2025-10-13 14:35:04,002537.SZ,B,8.730,400
552,62,2025-10-13,2025-10-13 14:35:01,600547.SH,S,43.800,100
553,60,2025-10-13,2025-10-13 14:35:00,600547.SH,S,43.800,100
554,62,2025-10-13,2025-10-13 14:35:00,600547.SH,S,43.800,300
555,60,2025-10-13,2025-10-13 14:35:00,600489.SH,B,25.660,2000
556,44,2025-10-13,2025-10-13 14:34:57,300002.SZ,S,13.010,100
557,60,2025-10-13,2025-10-13 14:34:56,603236.SH,S,100.480,100
558,60,2025-10-13,2025-10-13 14:34:56,605117.SH,S,75.210,200
559,44,2025-10-13,2025-10-13 14:34:56,000600.SZ,S,8.300,200
560,44,2025-10-13,2025-10-13 14:34:52,000833.SZ,S,13.540,200
561,62,2025-10-13,2025-10-13 14:34:44,600547.SH,S,43.780,100
562,44,2025-10-13,2025-10-13 14:34:43,600497.SH,S,7.180,600
563,60,2025-10-13,2025-10-13 14:34:40,301308.SZ,S,177.250,200
564,44,2025-10-13,2025-10-13 14:34:37,000567.SZ,S,6.670,100
565,44,2025-10-13,2025-10-13 14:34:37,000567.SZ,S,6.670,100
566,44,2025-10-13,2025-10-13 14:34:31,002511.SZ,S,8.400,100
567,61,2025-10-13,2025-10-13 14:34:32,300493.SZ,B,21.730,200
568,61,2025-10-13,2025-10-13 14:34:32,300493.SZ,B,21.730,800
569,52,2025-10-13,2025-10-13 14:31:20,601339.SH,S,5.620,100
570,59,2025-10-13,2025-10-13 14:34:30,002284.SZ,S,12.510,200
571,61,2025-10-13,2025-10-13 14:34:26,002284.SZ,S,12.510,200
572,61,2025-10-13,2025-10-13 14:34:20,603595.SH,S,22.800,100
573,52,2025-10-13,2025-10-13 14:31:20,600219.SH,S,4.120,100
574,59,2025-10-13,2025-10-13 14:34:19,002960.SZ,S,12.510,100
575,61,2025-10-13,2025-10-13 14:34:13,002638.SZ,S,2.730,100
576,58,2025-10-13,2025-10-13 14:34:13,002284.SZ,S,12.510,200
577,52,2025-10-13,2025-10-13 14:34:06,002284.SZ,S,12.510,100
578,44,2025-10-13,2025-10-13 14:34:05,600331.SH,S,10.440,200
579,61,2025-10-13,2025-10-13 14:34:06,603773.SH,B,32.290,100
580,60,2025-10-13,2025-10-13 14:34:02,300769.SZ,B,42.880,400
581,60,2025-10-13,2025-10-13 14:34:02,300769.SZ,B,42.880,200
582,60,2025-10-13,2025-10-13 14:34:02,300769.SZ,B,42.880,100
583,44,2025-10-13,2025-10-13 14:33:59,300302.SZ,S,20.570,100
584,61,2025-10-13,2025-10-13 14:33:58,603118.SH,S,12.710,200
585,60,2025-10-13,2025-10-13 14:33:58,002245.SZ,B,18.740,800
586,60,2025-10-13,2025-10-13 14:33:58,002245.SZ,B,18.740,600
587,44,2025-10-13,2025-10-13 14:33:54,300130.SZ,S,27.280,100
588,61,2025-10-13,2025-10-13 14:33:53,002126.SZ,S,38.010,100
589,61,2025-10-13,2025-10-13 14:33:51,603920.SH,S,41.860,100
590,61,2025-10-13,2025-10-13 14:33:51,603920.SH,S,41.860,100
591,59,2025-10-13,2025-10-13 14:33:51,603920.SH,S,41.860,200
592,44,2025-10-13,2025-10-13 14:33:50,002126.SZ,S,38.010,100
593,60,2025-10-13,2025-10-13 14:33:48,603236.SH,B,100.150,100
594,44,2025-10-13,2025-10-13 14:33:46,300192.SZ,S,17.880,200
595,58,2025-10-13,2025-10-13 14:33:46,002491.SZ,S,5.260,100
596,60,2025-10-13,2025-10-13 14:33:45,301358.SZ,B,60.000,700
597,44,2025-10-13,2025-10-13 14:33:43,002446.SZ,S,8.720,200
598,60,2025-10-13,2025-10-13 14:33:44,600183.SH,S,57.580,300
599,58,2025-10-13,2025-10-13 14:33:42,300593.SZ,S,20.370,400
600,60,2025-10-13,2025-10-13 14:33:38,605117.SH,B,75.050,200
601,60,2025-10-13,2025-10-13 14:33:33,000063.SZ,S,53.130,300
602,44,2025-10-13,2025-10-13 14:33:31,600446.SH,S,17.900,400
603,44,2025-10-13,2025-10-13 14:33:30,600795.SH,S,5.160,100
604,59,2025-10-13,2025-10-13 14:33:29,603456.SH,S,19.330,200
605,61,2025-10-13,2025-10-13 14:33:27,601018.SH,B,3.750,200
606,58,2025-10-13,2025-10-13 14:33:25,000676.SZ,S,9.550,100
607,58,2025-10-13,2025-10-13 14:33:24,000676.SZ,S,9.550,200
608,61,2025-10-13,2025-10-13 14:33:20,603456.SH,S,19.330,300
609,62,2025-10-13,2025-10-13 14:33:18,600547.SH,S,43.720,100
610,60,2025-10-13,2025-10-13 14:33:18,600547.SH,S,43.720,100
611,60,2025-10-13,2025-10-13 14:33:18,002475.SZ,B,58.050,100
612,60,2025-10-13,2025-10-13 14:33:17,600988.SH,S,31.860,500
613,59,2025-10-13,2025-10-13 14:33:11,300493.SZ,B,21.710,600
614,61,2025-10-13,2025-10-13 14:33:11,300324.SZ,B,6.080,600
615,58,2025-10-13,2025-10-13 14:33:07,300889.SZ,S,20.020,300
616,61,2025-10-13,2025-10-13 14:33:06,300002.SZ,B,12.980,200
617,52,2025-10-13,2025-10-13 14:32:09,300889.SZ,S,20.020,100
618,44,2025-10-13,2025-10-13 14:33:02,600905.SH,S,4.340,200
619,44,2025-10-13,2025-10-13 14:33:02,600905.SH,S,4.340,200
620,59,2025-10-13,2025-10-13 14:33:00,002537.SZ,B,8.730,300
621,59,2025-10-13,2025-10-13 14:33:00,002537.SZ,B,8.730,100
622,44,2025-10-13,2025-10-13 14:32:54,301078.SZ,S,10.710,100
623,60,2025-10-13,2025-10-13 14:32:53,603993.SH,S,17.270,2000
624,60,2025-10-13,2025-10-13 14:32:53,000063.SZ,B,53.040,300
625,62,2025-10-13,2025-10-13 14:32:52,600547.SH,S,43.680,200
626,60,2025-10-13,2025-10-13 14:32:52,600547.SH,S,43.680,100
627,58,2025-10-13,2025-10-13 14:32:51,300486.SZ,S,20.120,100
628,44,2025-10-13,2025-10-13 14:32:49,002379.SZ,S,17.420,100
629,44,2025-10-13,2025-10-13 14:32:49,002128.SZ,S,23.560,100
630,61,2025-10-13,2025-10-13 14:32:49,002379.SZ,S,17.440,100
631,61,2025-10-13,2025-10-13 14:32:49,300486.SZ,S,20.120,100
632,52,2025-10-13,2025-10-13 14:32:48,603993.SH,S,17.270,100
633,62,2025-10-13,2025-10-13 14:32:41,600547.SH,S,43.640,100
634,60,2025-10-13,2025-10-13 14:32:41,600547.SH,S,43.640,100
635,60,2025-10-13,2025-10-13 14:32:41,301308.SZ,B,176.190,200
636,62,2025-10-13,2025-10-13 14:32:36,300224.SZ,S,19.870,1200
637,60,2025-10-13,2025-10-13 14:32:36,300224.SZ,S,19.870,500
638,60,2025-10-13,2025-10-13 14:32:34,600547.SH,S,43.600,20
639,62,2025-10-13,2025-10-13 14:32:34,600547.SH,S,43.600,100
640,60,2025-10-13,2025-10-13 14:32:34,600547.SH,S,43.600,80
641,59,2025-10-13,2025-10-13 14:32:33,300582.SZ,B,16.190,400
642,60,2025-10-13,2025-10-13 14:32:31,300224.SZ,S,19.880,200
643,60,2025-10-13,2025-10-13 14:32:30,600547.SH,S,43.670,100
644,62,2025-10-13,2025-10-13 14:32:30,600547.SH,S,43.670,100
645,59,2025-10-13,2025-10-13 14:32:26,300149.SZ,S,11.320,100
646,59,2025-10-13,2025-10-13 14:32:26,300149.SZ,S,11.320,100
647,62,2025-10-13,2025-10-13 14:32:24,600547.SH,S,43.610,100
648,60,2025-10-13,2025-10-13 14:32:24,300085.SZ,B,48.800,100
649,60,2025-10-13,2025-10-13 14:32:24,600547.SH,S,43.610,100
650,58,2025-10-13,2025-10-13 14:32:24,000892.SZ,S,6.050,300
651,58,2025-10-13,2025-10-13 14:32:24,000892.SZ,S,6.050,500
652,58,2025-10-13,2025-10-13 14:32:21,300043.SZ,S,6.510,200
653,52,2025-10-13,2025-10-13 14:31:45,300043.SZ,S,6.510,100
654,62,2025-10-13,2025-10-13 14:32:17,600547.SH,S,43.590,100
655,60,2025-10-13,2025-10-13 14:32:17,600547.SH,S,43.590,100
656,58,2025-10-13,2025-10-13 14:32:13,601618.SH,S,4.020,100
657,61,2025-10-13,2025-10-13 14:32:13,002335.SZ,B,66.550,200
658,62,2025-10-13,2025-10-13 14:32:12,600547.SH,S,43.560,100
659,60,2025-10-13,2025-10-13 14:32:12,600547.SH,S,43.560,100
660,60,2025-10-13,2025-10-13 14:32:01,600497.SH,B,7.140,1000
661,60,2025-10-13,2025-10-13 14:31:57,600497.SH,B,7.140,1100
662,58,2025-10-13,2025-10-13 14:31:55,002392.SZ,B,9.910,400
663,61,2025-10-13,2025-10-13 14:31:57,000700.SZ,S,10.030,100
664,60,2025-10-13,2025-10-13 14:31:56,300433.SZ,B,30.180,200
665,60,2025-10-13,2025-10-13 14:31:56,300433.SZ,B,30.180,300
666,60,2025-10-13,2025-10-13 14:31:56,603993.SH,B,16.990,2000
667,60,2025-10-13,2025-10-13 14:31:53,600497.SH,B,7.140,1300
668,60,2025-10-13,2025-10-13 14:31:53,002155.SZ,B,23.470,300
669,58,2025-10-13,2025-10-13 14:31:53,600933.SH,S,20.680,300
670,60,2025-10-13,2025-10-13 14:31:52,600547.SH,S,43.530,200
671,62,2025-10-13,2025-10-13 14:31:52,600547.SH,S,43.530,200
672,61,2025-10-13,2025-10-13 14:31:51,600933.SH,S,20.680,200
673,59,2025-10-13,2025-10-13 14:31:51,600933.SH,S,20.680,200
674,52,2025-10-13,2025-10-13 14:31:34,300493.SZ,B,21.660,400
675,44,2025-10-13,2025-10-13 14:31:36,002514.SZ,S,7.160,100
676,61,2025-10-13,2025-10-13 14:31:34,000751.SZ,S,4.040,100
677,44,2025-10-13,2025-10-13 14:31:25,000729.SZ,S,12.160,100
678,44,2025-10-13,2025-10-13 14:31:18,002182.SZ,S,15.500,100
679,58,2025-10-13,2025-10-13 14:31:16,300324.SZ,B,6.070,300
680,58,2025-10-13,2025-10-13 14:31:16,300324.SZ,B,6.070,800
681,61,2025-10-13,2025-10-13 14:31:14,600169.SH,S,2.670,100
682,61,2025-10-13,2025-10-13 14:31:14,002506.SZ,B,2.490,200
683,60,2025-10-13,2025-10-13 14:31:06,603993.SH,S,16.900,100
684,44,2025-10-13,2025-10-13 14:31:01,002396.SZ,S,29.460,100
685,60,2025-10-13,2025-10-13 14:31:01,603993.SH,S,16.930,400
686,60,2025-10-13,2025-10-13 14:30:57,603993.SH,S,16.920,100
687,60,2025-10-13,2025-10-13 14:30:57,603993.SH,S,16.920,100
688,60,2025-10-13,2025-10-13 14:30:57,603993.SH,S,16.920,100
689,60,2025-10-13,2025-10-13 14:30:53,603993.SH,S,16.940,400
690,44,2025-10-13,2025-10-13 14:30:45,603505.SH,S,19.250,100
691,44,2025-10-13,2025-10-13 14:30:43,300389.SZ,S,16.680,100
692,44,2025-10-13,2025-10-13 14:30:43,002545.SZ,S,13.580,100
693,44,2025-10-13,2025-10-13 14:30:43,300005.SZ,S,8.810,200
694,44,2025-10-13,2025-10-13 14:30:25,600406.SH,S,23.470,100
695,44,2025-10-13,2025-10-13 14:30:25,000725.SZ,S,4.100,200
696,44,2025-10-13,2025-10-13 14:30:22,002246.SZ,S,22.330,100
697,44,2025-10-13,2025-10-13 14:30:18,002749.SZ,S,15.120,100
698,44,2025-10-13,2025-10-13 14:30:17,002793.SZ,S,4.910,100
699,44,2025-10-13,2025-10-13 14:30:14,603505.SH,S,19.250,100
700,62,2025-10-13,2025-10-13 14:30:08,300224.SZ,B,19.720,500
701,44,2025-10-13,2025-10-13 14:30:01,603588.SH,S,8.300,200
702,60,2025-10-13,2025-10-13 14:30:00,300224.SZ,B,19.720,400
703,60,2025-10-13,2025-10-13 14:29:56,300224.SZ,B,19.710,800
704,60,2025-10-13,2025-10-13 14:29:51,301345.SZ,S,223.920,100
705,60,2025-10-13,2025-10-13 14:29:50,002074.SZ,B,42.910,100
706,44,2025-10-13,2025-10-13 14:29:47,600724.SH,S,5.280,500
707,44,2025-10-13,2025-10-13 14:29:46,600724.SH,S,5.280,100
708,44,2025-10-13,2025-10-13 14:29:46,300045.SZ,S,22.530,100
709,44,2025-10-13,2025-10-13 14:29:37,002233.SZ,S,9.070,100
710,60,2025-10-13,2025-10-13 14:29:27,002463.SZ,B,70.350,100
711,60,2025-10-13,2025-10-13 14:29:20,601212.SH,S,5.410,600
712,44,2025-10-13,2025-10-13 14:29:15,300199.SZ,S,20.910,100
713,44,2025-10-13,2025-10-13 14:29:10,600732.SH,S,15.710,100
714,60,2025-10-13,2025-10-13 14:29:00,600183.SH,B,57.200,100
715,60,2025-10-13,2025-10-13 14:29:00,600183.SH,B,57.200,200
716,58,2025-10-13,2025-10-13 14:28:53,002303.SZ,S,4.450,100
717,61,2025-10-13,2025-10-13 14:28:53,002303.SZ,S,4.450,100
718,60,2025-10-13,2025-10-13 14:28:49,603993.SH,B,16.600,1200
719,44,2025-10-13,2025-10-13 14:28:30,300304.SZ,S,12.690,200
720,44,2025-10-13,2025-10-13 14:28:19,300708.SZ,S,9.080,100
721,61,2025-10-13,2025-10-13 14:28:18,002429.SZ,B,6.370,500
722,60,2025-10-13,2025-10-13 14:28:18,002463.SZ,S,70.570,100
723,44,2025-10-13,2025-10-13 14:28:18,600703.SH,S,15.510,300
724,44,2025-10-13,2025-10-13 14:28:18,002384.SZ,S,65.220,100
725,63,2025-10-13,2025-10-13 14:28:17,002429.SZ,B,6.370,300
726,63,2025-10-13,2025-10-13 14:28:17,002429.SZ,B,6.370,400
727,61,2025-10-13,2025-10-13 14:28:16,300092.SZ,S,16.930,200
728,58,2025-10-13,2025-10-13 14:28:15,301217.SZ,B,29.290,700
729,58,2025-10-13,2025-10-13 14:28:15,603090.SH,S,50.340,200
730,58,2025-10-13,2025-10-13 14:28:15,000892.SZ,B,6.050,600
731,44,2025-10-13,2025-10-13 14:28:16,300236.SZ,S,61.740,100
732,61,2025-10-13,2025-10-13 14:28:15,002059.SZ,S,5.560,1000
733,61,2025-10-13,2025-10-13 14:28:14,600933.SH,B,20.600,300
734,63,2025-10-13,2025-10-13 14:28:14,002736.SZ,B,14.210,300
735,44,2025-10-13,2025-10-13 14:28:10,300222.SZ,S,13.740,100
736,61,2025-10-13,2025-10-13 14:28:11,300792.SZ,B,32.470,100
737,61,2025-10-13,2025-10-13 14:28:11,300792.SZ,B,32.470,100
738,44,2025-10-13,2025-10-13 14:28:09,300289.SZ,S,7.460,300
739,59,2025-10-13,2025-10-13 14:28:09,002627.SZ,S,5.780,100
740,61,2025-10-13,2025-10-13 14:28:08,600933.SH,B,20.600,400
741,61,2025-10-13,2025-10-13 14:28:08,002545.SZ,B,13.560,100
742,61,2025-10-13,2025-10-13 14:28:08,601789.SH,S,5.540,100
743,61,2025-10-13,2025-10-13 14:28:08,002545.SZ,B,13.560,300
744,61,2025-10-13,2025-10-13 14:28:08,000509.SZ,S,3.200,100
745,58,2025-10-13,2025-10-13 14:28:07,600481.SH,S,6.010,100
746,44,2025-10-13,2025-10-13 14:28:07,301363.SZ,S,23.240,100
747,44,2025-10-13,2025-10-13 14:28:07,300158.SZ,S,6.840,500
748,58,2025-10-13,2025-10-13 14:28:07,002256.SZ,S,3.110,100
749,44,2025-10-13,2025-10-13 14:28:07,300068.SZ,S,18.700,100
750,59,2025-10-13,2025-10-13 14:28:07,000509.SZ,S,3.200,100
751,44,2025-10-13,2025-10-13 14:28:07,600267.SH,S,10.410,100
752,44,2025-10-13,2025-10-13 14:28:07,601179.SH,S,7.090,100
753,44,2025-10-13,2025-10-13 14:28:07,601179.SH,S,7.090,100
754,44,2025-10-13,2025-10-13 14:28:06,600522.SH,S,18.870,100
755,44,2025-10-13,2025-10-13 14:28:04,300773.SZ,S,23.930,100
756,44,2025-10-13,2025-10-13 14:28:04,300773.SZ,S,23.930,100
757,44,2025-10-13,2025-10-13 14:28:04,002334.SZ,S,9.760,100
758,61,2025-10-13,2025-10-13 14:28:03,603456.SH,B,19.230,300
759,58,2025-10-13,2025-10-13 14:27:59,300593.SZ,B,20.200,200
760,58,2025-10-13,2025-10-13 14:27:59,300593.SZ,B,20.200,100
761,58,2025-10-13,2025-10-13 14:28:00,000889.SZ,S,3.670,100
762,61,2025-10-13,2025-10-13 14:27:59,603090.SH,S,50.320,100
763,63,2025-10-13,2025-10-13 14:27:59,300115.SZ,S,36.180,100
764,60,2025-10-13,2025-10-13 14:27:59,002812.SZ,S,44.660,1000
765,44,2025-10-13,2025-10-13 14:27:58,300693.SZ,S,39.420,100
766,44,2025-10-13,2025-10-13 14:27:58,603212.SH,S,11.340,100
767,58,2025-10-13,2025-10-13 14:27:57,600169.SH,S,2.660,200
768,58,2025-10-13,2025-10-13 14:27:57,300092.SZ,S,16.950,100
769,58,2025-10-13,2025-10-13 14:27:57,300092.SZ,S,16.950,100
770,44,2025-10-13,2025-10-13 14:27:58,600995.SH,S,12.530,100
771,44,2025-10-13,2025-10-13 14:27:57,003019.SZ,S,33.040,100
772,60,2025-10-13,2025-10-13 14:27:55,002074.SZ,S,43.120,100
773,58,2025-10-13,2025-10-13 14:27:53,603032.SH,S,21.720,100
774,58,2025-10-13,2025-10-13 14:27:54,603090.SH,S,50.330,100
775,58,2025-10-13,2025-10-13 14:27:52,002059.SZ,S,5.560,1100
776,61,2025-10-13,2025-10-13 14:27:48,002491.SZ,S,5.220,100
777,52,2025-10-13,2025-10-13 14:27:46,601975.SH,B,3.200,100
778,52,2025-10-13,2025-10-13 14:27:46,000882.SZ,S,2.000,300
779,58,2025-10-13,2025-10-13 14:27:46,000882.SZ,S,2.000,1200
780,61,2025-10-13,2025-10-13 14:27:46,600338.SH,S,13.650,400
781,44,2025-10-13,2025-10-13 14:27:45,600338.SH,S,13.650,300
782,58,2025-10-13,2025-10-13 14:27:45,002390.SZ,S,3.720,100
783,58,2025-10-13,2025-10-13 14:27:43,002501.SZ,S,2.470,100
784,61,2025-10-13,2025-10-13 14:27:44,600256.SH,B,5.300,200
785,58,2025-10-13,2025-10-13 14:27:43,600103.SH,S,3.460,100
786,58,2025-10-13,2025-10-13 14:27:36,300249.SZ,S,15.630,100
787,44,2025-10-13,2025-10-13 14:27:32,601083.SH,S,11.490,100
788,58,2025-10-13,2025-10-13 14:27:29,600933.SH,B,20.630,100
789,58,2025-10-13,2025-10-13 14:27:29,600933.SH,B,20.620,400
790,44,2025-10-13,2025-10-13 14:27:25,001203.SZ,S,13.050,100
791,44,2025-10-13,2025-10-13 14:27:24,300182.SZ,S,6.090,700
792,44,2025-10-13,2025-10-13 14:27:21,600395.SH,S,5.540,100
793,44,2025-10-13,2025-10-13 14:27:21,600395.SH,S,5.540,100
794,58,2025-10-13,2025-10-13 14:27:20,002059.SZ,S,5.560,1600
795,52,2025-10-13,2025-10-13 14:27:19,002059.SZ,S,5.560,1000
796,60,2025-10-13,2025-10-13 14:27:18,688005.SH,S,29.740,600
797,58,2025-10-13,2025-10-13 14:27:15,002622.SZ,S,3.150,100
798,44,2025-10-13,2025-10-13 14:27:11,600623.SH,S,9.020,100
799,44,2025-10-13,2025-10-13 14:27:07,300217.SZ,S,5.520,200
800,44,2025-10-13,2025-10-13 14:27:04,300217.SZ,S,5.520,100
801,44,2025-10-13,2025-10-13 14:27:04,002583.SZ,S,11.340,100
802,44,2025-10-13,2025-10-13 14:27:04,300217.SZ,S,5.520,100
803,44,2025-10-13,2025-10-13 14:27:02,300217.SZ,S,5.520,100
804,44,2025-10-13,2025-10-13 14:26:58,000560.SZ,S,3.020,300
805,44,2025-10-13,2025-10-13 14:26:58,002624.SZ,S,17.700,100
806,58,2025-10-13,2025-10-13 14:26:58,603359.SH,S,8.920,100
807,61,2025-10-13,2025-10-13 14:26:58,000892.SZ,S,6.040,700
808,61,2025-10-13,2025-10-13 14:26:57,002815.SZ,S,14.130,100
809,44,2025-10-13,2025-10-13 14:26:55,600851.SH,S,6.550,100
810,58,2025-10-13,2025-10-13 14:26:53,002547.SZ,S,5.250,100
811,44,2025-10-13,2025-10-13 14:26:54,300827.SZ,S,32.280,100
812,44,2025-10-13,2025-10-13 14:26:52,600397.SH,S,7.280,200
813,60,2025-10-13,2025-10-13 14:26:53,002241.SZ,S,33.560,800
814,60,2025-10-13,2025-10-13 14:26:53,002241.SZ,S,33.560,100
815,60,2025-10-13,2025-10-13 14:26:53,002241.SZ,S,33.560,400
816,44,2025-10-13,2025-10-13 14:26:48,300364.SZ,S,25.730,100
817,61,2025-10-13,2025-10-13 14:26:47,002545.SZ,B,13.570,300
818,61,2025-10-13,2025-10-13 14:26:47,002545.SZ,B,13.570,200
819,58,2025-10-13,2025-10-13 14:26:45,300792.SZ,B,32.550,100
820,63,2025-10-13,2025-10-13 14:26:43,002080.SZ,S,32.220,100
821,44,2025-10-13,2025-10-13 14:26:40,300747.SZ,S,26.180,100
822,61,2025-10-13,2025-10-13 14:26:40,000672.SZ,S,11.300,100
823,44,2025-10-13,2025-10-13 14:26:40,300769.SZ,S,42.820,100
824,44,2025-10-13,2025-10-13 14:26:39,603158.SH,S,10.360,200
825,44,2025-10-13,2025-10-13 14:26:37,002129.SZ,S,9.020,100
826,44,2025-10-13,2025-10-13 14:26:37,300113.SZ,S,25.420,100
827,44,2025-10-13,2025-10-13 14:26:37,002468.SZ,S,17.410,100
828,52,2025-10-13,2025-10-13 14:20:07,601339.SH,B,5.620,100
829,44,2025-10-13,2025-10-13 14:26:36,000676.SZ,S,9.530,100
830,60,2025-10-13,2025-10-13 14:26:34,300919.SZ,S,47.190,100
831,44,2025-10-13,2025-10-13 14:26:34,002617.SZ,S,8.910,200
832,60,2025-10-13,2025-10-13 14:26:33,002837.SZ,B,78.050,100
833,58,2025-10-13,2025-10-13 14:26:32,300593.SZ,B,20.270,300
834,44,2025-10-13,2025-10-13 14:26:31,002688.SZ,S,7.080,100
835,58,2025-10-13,2025-10-13 14:26:32,002545.SZ,B,13.580,500
836,60,2025-10-13,2025-10-13 14:26:28,688120.SH,S,163.570,80
837,60,2025-10-13,2025-10-13 14:26:28,688120.SH,S,163.570,120
838,58,2025-10-13,2025-10-13 14:26:27,600338.SH,S,13.640,900
839,59,2025-10-13,2025-10-13 14:26:27,000892.SZ,S,6.040,200
840,61,2025-10-13,2025-10-13 14:26:27,000892.SZ,S,6.040,800
841,61,2025-10-13,2025-10-13 14:26:26,603920.SH,B,41.630,100
842,52,2025-10-13,2025-10-13 14:20:30,000592.SZ,S,3.630,1300
843,61,2025-10-13,2025-10-13 14:26:14,002354.SZ,S,6.790,100
844,58,2025-10-13,2025-10-13 14:26:06,688373.SH,S,8.220,200
845,61,2025-10-13,2025-10-13 14:26:06,300559.SZ,S,15.000,100
846,44,2025-10-13,2025-10-13 14:26:04,002497.SZ,S,15.330,100
847,52,2025-10-13,2025-10-13 14:25:58,600029.SH,S,5.980,100
848,60,2025-10-13,2025-10-13 14:25:47,301297.SZ,B,43.600,200
849,60,2025-10-13,2025-10-13 14:25:47,301297.SZ,B,43.600,300
850,44,2025-10-13,2025-10-13 14:25:46,002562.SZ,S,7.970,100
851,58,2025-10-13,2025-10-13 14:25:45,002870.SZ,B,35.010,100
852,58,2025-10-13,2025-10-13 14:25:44,600338.SH,S,13.620,300
853,62,2025-10-13,2025-10-13 14:25:43,600547.SH,B,43.280,400
854,60,2025-10-13,2025-10-13 14:25:43,600547.SH,B,43.280,400
855,60,2025-10-13,2025-10-13 14:25:43,600547.SH,B,43.280,100
856,62,2025-10-13,2025-10-13 14:25:42,600547.SH,B,43.260,400
857,60,2025-10-13,2025-10-13 14:25:42,600547.SH,B,43.260,600
858,62,2025-10-13,2025-10-13 14:25:40,600547.SH,B,43.260,100
859,62,2025-10-13,2025-10-13 14:25:34,600547.SH,B,43.240,700
860,60,2025-10-13,2025-10-13 14:25:34,603799.SH,S,69.980,158
861,60,2025-10-13,2025-10-13 14:25:34,603799.SH,S,69.980,542
862,44,2025-10-13,2025-10-13 14:25:34,300043.SZ,S,6.480,100
863,44,2025-10-13,2025-10-13 14:25:30,300642.SZ,S,23.180,100
864,60,2025-10-13,2025-10-13 14:25:29,300763.SZ,B,86.560,200
865,44,2025-10-13,2025-10-13 14:25:25,002378.SZ,S,12.990,200
866,60,2025-10-13,2025-10-13 14:25:24,688981.SH,S,134.690,25
867,60,2025-10-13,2025-10-13 14:25:24,688981.SH,S,134.690,3
868,60,2025-10-13,2025-10-13 14:25:24,688981.SH,S,134.740,200
869,44,2025-10-13,2025-10-13 14:25:22,002250.SZ,S,11.910,100
870,60,2025-10-13,2025-10-13 14:25:19,300763.SZ,B,86.560,100
871,44,2025-10-13,2025-10-13 14:25:17,003013.SZ,S,15.260,100
872,60,2025-10-13,2025-10-13 14:25:15,300763.SZ,B,86.680,100
873,44,2025-10-13,2025-10-13 14:25:13,600500.SH,S,4.250,100
874,52,2025-10-13,2025-10-13 14:25:10,002429.SZ,B,6.370,200
875,60,2025-10-13,2025-10-13 14:25:10,002466.SZ,S,49.490,200
876,61,2025-10-13,2025-10-13 14:25:08,301382.SZ,B,34.250,100
877,44,2025-10-13,2025-10-13 14:25:08,600236.SH,S,7.070,500
878,44,2025-10-13,2025-10-13 14:25:02,300180.SZ,S,7.430,600
879,44,2025-10-13,2025-10-13 14:25:02,603871.SH,S,14.210,100
880,58,2025-10-13,2025-10-13 14:24:58,605555.SH,S,16.650,100
881,58,2025-10-13,2025-10-13 14:24:55,002772.SZ,S,10.180,100
882,44,2025-10-13,2025-10-13 14:24:52,603878.SH,S,11.240,200
883,58,2025-10-13,2025-10-13 14:24:50,301382.SZ,B,34.250,100
884,60,2025-10-13,2025-10-13 14:24:40,300919.SZ,B,47.040,100
885,58,2025-10-13,2025-10-13 14:24:37,300682.SZ,S,18.900,100
886,58,2025-10-13,2025-10-13 14:24:30,603633.SH,S,11.080,100
887,61,2025-10-13,2025-10-13 14:24:28,002545.SZ,B,13.590,100
888,61,2025-10-13,2025-10-13 14:24:28,002545.SZ,B,13.590,200
889,61,2025-10-13,2025-10-13 14:24:21,603090.SH,S,50.310,200
890,61,2025-10-13,2025-10-13 14:24:21,603090.SH,S,50.320,100
891,52,2025-10-13,2025-10-13 14:24:16,002164.SZ,B,13.600,100
892,60,2025-10-13,2025-10-13 14:24:12,688981.SH,B,134.500,228
893,58,2025-10-13,2025-10-13 14:24:11,603456.SH,B,19.230,300
894,60,2025-10-13,2025-10-13 14:24:09,688981.SH,B,134.490,200
895,60,2025-10-13,2025-10-13 14:24:09,688005.SH,B,29.540,600
896,60,2025-10-13,2025-10-13 14:24:08,688126.SH,B,28.210,401
897,61,2025-10-13,2025-10-13 14:24:08,603920.SH,B,41.500,400
898,60,2025-10-13,2025-10-13 14:24:06,688126.SH,B,28.210,399
899,60,2025-10-13,2025-10-13 14:24:04,688981.SH,B,134.360,172
900,60,2025-10-13,2025-10-13 14:24:04,688981.SH,B,134.360,200
901,61,2025-10-13,2025-10-13 14:24:02,002164.SZ,B,13.590,500
902,58,2025-10-13,2025-10-13 14:24:02,002638.SZ,S,2.720,100
903,58,2025-10-13,2025-10-13 14:24:02,002164.SZ,B,13.590,300
904,61,2025-10-13,2025-10-13 14:23:59,300582.SZ,B,16.200,100
905,61,2025-10-13,2025-10-13 14:23:59,300582.SZ,B,16.200,100
906,52,2025-10-13,2025-10-13 14:23:17,600367.SH,S,17.910,100
907,60,2025-10-13,2025-10-13 14:23:55,002487.SZ,B,51.010,100
908,60,2025-10-13,2025-10-13 14:23:50,301308.SZ,B,175.930,100
909,58,2025-10-13,2025-10-13 14:23:49,002183.SZ,B,5.180,900
910,63,2025-10-13,2025-10-13 14:23:45,000425.SZ,S,11.240,300
911,60,2025-10-13,2025-10-13 14:23:42,688981.SH,S,134.240,211
912,60,2025-10-13,2025-10-13 14:23:42,688981.SH,S,134.240,161
913,60,2025-10-13,2025-10-13 14:23:42,000426.SZ,S,36.560,200
914,60,2025-10-13,2025-10-13 14:23:38,000426.SZ,S,36.560,100
915,60,2025-10-13,2025-10-13 14:23:38,000426.SZ,S,36.560,300
916,60,2025-10-13,2025-10-13 14:23:38,688981.SH,S,134.240,200
917,60,2025-10-13,2025-10-13 14:23:38,000426.SZ,S,36.560,100
918,58,2025-10-13,2025-10-13 14:23:35,603098.SH,S,14.040,100
919,58,2025-10-13,2025-10-13 14:23:35,000833.SZ,S,13.470,100
920,60,2025-10-13,2025-10-13 14:23:35,601138.SH,S,63.180,300
921,60,2025-10-13,2025-10-13 14:23:35,601138.SH,S,63.180,200
922,61,2025-10-13,2025-10-13 14:23:34,300592.SZ,S,10.680,100
923,59,2025-10-13,2025-10-13 14:23:34,002021.SZ,S,3.040,100
924,62,2025-10-13,2025-10-13 14:23:33,002384.SZ,S,65.440,800
925,60,2025-10-13,2025-10-13 14:23:33,002487.SZ,S,51.110,100
926,58,2025-10-13,2025-10-13 14:23:33,000676.SZ,B,9.530,800
927,58,2025-10-13,2025-10-13 14:23:30,600459.SH,S,17.680,100
928,63,2025-10-13,2025-10-13 14:23:29,300115.SZ,S,36.150,100
929,61,2025-10-13,2025-10-13 14:23:28,603809.SH,S,14.810,200
930,58,2025-10-13,2025-10-13 14:23:23,600749.SH,S,18.220,100
931,58,2025-10-13,2025-10-13 14:23:25,300185.SZ,S,3.210,100
932,61,2025-10-13,2025-10-13 14:23:24,002196.SZ,S,9.570,100
933,61,2025-10-13,2025-10-13 14:23:23,600749.SH,S,18.220,100
934,60,2025-10-13,2025-10-13 14:23:21,002241.SZ,B,33.530,100
935,60,2025-10-13,2025-10-13 14:23:21,002241.SZ,B,33.530,1200
936,59,2025-10-13,2025-10-13 14:23:18,603876.SH,S,11.230,100
937,58,2025-10-13,2025-10-13 14:23:16,603045.SH,S,19.850,100
938,52,2025-10-13,2025-10-13 14:23:13,002629.SZ,S,7.710,100
939,61,2025-10-13,2025-10-13 14:23:12,003020.SZ,S,28.550,100
940,59,2025-10-13,2025-10-13 14:23:11,688148.SH,S,6.340,200
941,59,2025-10-13,2025-10-13 14:23:10,000676.SZ,S,9.530,200
942,61,2025-10-13,2025-10-13 14:23:10,000676.SZ,S,9.530,100
943,61,2025-10-13,2025-10-13 14:23:10,000676.SZ,S,9.530,300
944,58,2025-10-13,2025-10-13 14:23:01,002400.SZ,B,8.230,800
945,60,2025-10-13,2025-10-13 14:22:58,601138.SH,B,63.120,300
946,60,2025-10-13,2025-10-13 14:22:58,601138.SH,B,63.120,100
947,61,2025-10-13,2025-10-13 14:22:58,300043.SZ,B,6.470,500
948,60,2025-10-13,2025-10-13 14:22:58,601138.SH,B,63.120,100
949,61,2025-10-13,2025-10-13 14:22:56,301382.SZ,B,34.230,100
950,60,2025-10-13,2025-10-13 14:22:54,600362.SH,S,40.450,500
951,61,2025-10-13,2025-10-13 14:22:53,603456.SH,B,19.230,100
952,58,2025-10-13,2025-10-13 14:22:51,002080.SZ,B,32.230,100
953,61,2025-10-13,2025-10-13 14:22:51,603456.SH,B,19.230,200
954,61,2025-10-13,2025-10-13 14:22:48,600367.SH,S,17.910,100
955,60,2025-10-13,2025-10-13 14:22:47,600988.SH,B,31.700,500
956,59,2025-10-13,2025-10-13 14:22:45,600933.SH,B,20.630,400
957,58,2025-10-13,2025-10-13 14:22:43,002616.SZ,S,6.770,100
958,61,2025-10-13,2025-10-13 14:22:44,000837.SZ,S,13.430,100
959,60,2025-10-13,2025-10-13 14:22:44,301308.SZ,S,176.350,100
960,60,2025-10-13,2025-10-13 14:22:41,300827.SZ,S,32.240,400
961,60,2025-10-13,2025-10-13 14:22:41,300953.SZ,B,169.600,100
962,61,2025-10-13,2025-10-13 14:22:38,600388.SH,S,15.150,100
963,61,2025-10-13,2025-10-13 14:22:38,600235.SH,S,7.290,1200
964,61,2025-10-13,2025-10-13 14:22:37,600235.SH,S,7.290,100
965,61,2025-10-13,2025-10-13 14:22:35,600235.SH,S,7.290,300
966,61,2025-10-13,2025-10-13 14:22:35,600235.SH,S,7.290,1000
967,59,2025-10-13,2025-10-13 14:22:34,600235.SH,S,7.290,500
968,59,2025-10-13,2025-10-13 14:22:34,600235.SH,S,7.290,500
969,58,2025-10-13,2025-10-13 14:22:31,600235.SH,S,7.290,900
970,61,2025-10-13,2025-10-13 14:22:31,002674.SZ,S,14.710,100
971,60,2025-10-13,2025-10-13 14:22:31,603799.SH,S,68.700,100
972,59,2025-10-13,2025-10-13 14:22:27,603920.SH,B,41.630,200
973,60,2025-10-13,2025-10-13 14:22:26,300763.SZ,S,86.480,400
974,58,2025-10-13,2025-10-13 14:22:22,002088.SZ,S,12.270,100
975,60,2025-10-13,2025-10-13 14:22:23,600362.SH,B,40.320,300
976,60,2025-10-13,2025-10-13 14:22:23,600362.SH,B,40.320,100
977,60,2025-10-13,2025-10-13 14:22:23,600362.SH,B,40.320,100
978,60,2025-10-13,2025-10-13 14:22:22,300014.SZ,S,83.160,100
979,60,2025-10-13,2025-10-13 14:22:21,688126.SH,S,28.320,800
980,63,2025-10-13,2025-10-13 14:22:19,600919.SH,S,10.340,700
981,60,2025-10-13,2025-10-13 14:22:19,603893.SH,S,204.340,100
982,58,2025-10-13,2025-10-13 14:22:17,301382.SZ,B,34.260,100
983,58,2025-10-13,2025-10-13 14:22:17,301382.SZ,B,34.250,100
984,60,2025-10-13,2025-10-13 14:22:18,601212.SH,B,5.300,600
985,61,2025-10-13,2025-10-13 14:22:14,002629.SZ,S,7.710,100
986,59,2025-10-13,2025-10-13 14:22:11,002545.SZ,B,13.590,100
987,59,2025-10-13,2025-10-13 14:22:11,002545.SZ,B,13.590,100
988,59,2025-10-13,2025-10-13 14:22:11,002545.SZ,B,13.590,200
989,58,2025-10-13,2025-10-13 14:22:08,002870.SZ,B,34.980,400
990,52,2025-10-13,2025-10-13 14:22:08,002736.SZ,B,14.200,100
991,63,2025-10-13,2025-10-13 14:22:08,002736.SZ,B,14.190,700
992,63,2025-10-13,2025-10-13 14:22:08,002736.SZ,B,14.190,500
993,63,2025-10-13,2025-10-13 14:22:08,002736.SZ,B,14.190,800
994,63,2025-10-13,2025-10-13 14:22:08,002736.SZ,B,14.190,900
995,60,2025-10-13,2025-10-13 14:22:07,002851.SZ,S,70.290,200
996,58,2025-10-13,2025-10-13 14:22:07,603456.SH,B,19.240,200
997,58,2025-10-13,2025-10-13 14:22:07,603456.SH,B,19.240,100
998,58,2025-10-13,2025-10-13 14:22:05,603809.SH,S,14.810,100
999,58,2025-10-13,2025-10-13 14:22:07,603456.SH,B,19.240,200
1000,61,2025-10-13,2025-10-13 14:22:06,002429.SZ,B,6.360,900
1001,63,2025-10-13,2025-10-13 14:22:06,002429.SZ,B,6.360,1100
1002,61,2025-10-13,2025-10-13 14:22:01,603456.SH,B,19.250,400
1003,61,2025-10-13,2025-10-13 14:22:01,000061.SZ,S,8.250,700
1004,59,2025-10-13,2025-10-13 14:22:00,000061.SZ,S,8.250,300
1005,58,2025-10-13,2025-10-13 14:21:59,603088.SH,S,11.310,100
1006,58,2025-10-13,2025-10-13 14:21:58,000061.SZ,S,8.250,800
1007,52,2025-10-13,2025-10-13 14:21:58,000061.SZ,S,8.250,200
1008,58,2025-10-13,2025-10-13 14:21:52,002778.SZ,S,21.420,100
1009,61,2025-10-13,2025-10-13 14:21:49,300582.SZ,B,16.230,100
1010,60,2025-10-13,2025-10-13 14:21:49,300953.SZ,S,169.970,100
1011,58,2025-10-13,2025-10-13 14:21:47,003020.SZ,S,28.520,100
1012,59,2025-10-13,2025-10-13 14:21:45,603456.SH,B,19.240,200
1013,59,2025-10-13,2025-10-13 14:21:45,603456.SH,B,19.240,100
1014,59,2025-10-13,2025-10-13 14:21:45,603456.SH,B,19.240,100
1015,61,2025-10-13,2025-10-13 14:21:40,300582.SZ,B,16.230,100
1016,58,2025-10-13,2025-10-13 14:21:33,600345.SH,S,26.370,100
1017,58,2025-10-13,2025-10-13 14:21:28,300543.SZ,S,12.140,100
1018,58,2025-10-13,2025-10-13 14:21:27,603320.SH,S,20.380,100
1019,59,2025-10-13,2025-10-13 14:21:27,300382.SZ,S,15.520,100
1020,52,2025-10-13,2025-10-13 14:21:17,300543.SZ,S,12.140,100
1021,52,2025-10-13,2025-10-13 14:20:02,603703.SH,S,11.480,100
1022,60,2025-10-13,2025-10-13 14:21:20,001337.SZ,S,31.270,100
1023,59,2025-10-13,2025-10-13 14:21:19,600338.SH,S,13.600,500
1024,61,2025-10-13,2025-10-13 14:21:19,600338.SH,S,13.600,1000
1025,59,2025-10-13,2025-10-13 14:21:17,600721.SH,S,8.930,100
1026,58,2025-10-13,2025-10-13 14:21:15,301349.SZ,S,39.210,100
1027,60,2025-10-13,2025-10-13 14:21:12,301345.SZ,B,221.980,100
1028,60,2025-10-13,2025-10-13 14:21:11,300433.SZ,S,30.110,400
1029,52,2025-10-13,2025-10-13 14:21:09,600338.SH,S,13.590,500
1030,58,2025-10-13,2025-10-13 14:21:08,300593.SZ,B,20.250,300
1031,58,2025-10-13,2025-10-13 14:21:08,600338.SH,S,13.590,300
1032,58,2025-10-13,2025-10-13 14:21:08,300593.SZ,B,20.250,100
1033,58,2025-10-13,2025-10-13 14:21:07,600521.SH,S,19.940,100
1034,58,2025-10-13,2025-10-13 14:21:07,300043.SZ,B,6.470,500
1035,52,2025-10-13,2025-10-13 14:20:34,002400.SZ,B,8.210,100
1036,58,2025-10-13,2025-10-13 14:21:04,300873.SZ,S,25.430,100
1037,58,2025-10-13,2025-10-13 14:21:04,000892.SZ,B,6.030,1100
1038,58,2025-10-13,2025-10-13 14:21:04,601208.SH,S,18.930,100
1039,58,2025-10-13,2025-10-13 14:20:59,000823.SZ,S,13.160,100
1040,58,2025-10-13,2025-10-13 14:20:56,603876.SH,S,11.220,100
1041,58,2025-10-13,2025-10-13 14:20:53,300218.SZ,S,18.260,100
1042,58,2025-10-13,2025-10-13 14:20:55,002545.SZ,B,13.630,500
1043,58,2025-10-13,2025-10-13 14:20:51,000988.SZ,S,82.400,100
1044,58,2025-10-13,2025-10-13 14:20:51,002527.SZ,S,18.580,100
1045,58,2025-10-13,2025-10-13 14:20:49,601689.SH,S,69.020,100
1046,61,2025-10-13,2025-10-13 14:20:48,301382.SZ,B,34.230,100
1047,59,2025-10-13,2025-10-13 14:20:47,300258.SZ,S,14.460,100
1048,61,2025-10-13,2025-10-13 14:20:47,002284.SZ,B,12.440,500
1049,61,2025-10-13,2025-10-13 14:20:47,300258.SZ,S,14.460,300
1050,62,2025-10-13,2025-10-13 14:20:45,002384.SZ,B,65.240,200
1051,61,2025-10-13,2025-10-13 14:20:45,605050.SH,S,15.390,100
1052,52,2025-10-13,2025-10-13 14:20:44,603595.SH,S,22.700,100
1053,58,2025-10-13,2025-10-13 14:20:44,301171.SZ,S,31.290,100
1054,58,2025-10-13,2025-10-13 14:20:43,603595.SH,S,22.700,100
1055,52,2025-10-13,2025-10-13 14:20:43,301171.SZ,S,31.290,100
1056,58,2025-10-13,2025-10-13 14:20:41,605488.SH,S,32.820,100
1057,61,2025-10-13,2025-10-13 14:20:42,301171.SZ,S,31.280,100
1058,60,2025-10-13,2025-10-13 14:20:37,002298.SZ,S,13.260,500
1059,61,2025-10-13,2025-10-13 14:20:36,301235.SZ,S,34.180,100
1060,52,2025-10-13,2025-10-13 14:20:34,002263.SZ,B,3.600,100
1061,58,2025-10-13,2025-10-13 14:20:32,000009.SZ,S,11.860,100
1062,59,2025-10-13,2025-10-13 14:20:31,300092.SZ,S,16.980,200
1063,58,2025-10-13,2025-10-13 14:20:30,301260.SZ,S,19.760,100
1064,61,2025-10-13,2025-10-13 14:20:31,300533.SZ,B,36.390,200
1065,61,2025-10-13,2025-10-13 14:20:30,002263.SZ,B,3.600,1000
1066,61,2025-10-13,2025-10-13 14:20:28,300092.SZ,S,16.980,300
1067,61,2025-10-13,2025-10-13 14:20:28,603344.SH,B,28.260,200
1068,61,2025-10-13,2025-10-13 14:20:27,603090.SH,S,50.460,100
1069,63,2025-10-13,2025-10-13 14:20:27,603090.SH,S,50.460,100
1070,61,2025-10-13,2025-10-13 14:20:26,603090.SH,S,50.450,100
1071,61,2025-10-13,2025-10-13 14:20:25,300582.SZ,B,16.230,100
1072,60,2025-10-13,2025-10-13 14:20:24,688120.SH,B,163.350,27
1073,61,2025-10-13,2025-10-13 14:20:25,300588.SZ,S,19.300,100
1074,60,2025-10-13,2025-10-13 14:20:24,300014.SZ,B,82.900,100
1075,60,2025-10-13,2025-10-13 14:20:24,688120.SH,B,163.350,173
1076,60,2025-10-13,2025-10-13 14:20:24,300236.SZ,B,61.780,100
1077,63,2025-10-13,2025-10-13 14:20:24,600119.SH,S,8.240,300
1078,60,2025-10-13,2025-10-13 14:20:22,603659.SH,S,27.570,200
1079,60,2025-10-13,2025-10-13 14:20:22,600489.SH,S,25.440,2000
1080,58,2025-10-13,2025-10-13 14:20:13,300792.SZ,B,32.390,100
1081,58,2025-10-13,2025-10-13 14:20:13,300792.SZ,B,32.390,100
1082,58,2025-10-13,2025-10-13 14:20:14,002183.SZ,B,5.180,1400
1083,58,2025-10-13,2025-10-13 14:20:12,603703.SH,S,11.470,100
1084,58,2025-10-13,2025-10-13 14:20:11,300533.SZ,B,36.380,100
1085,58,2025-10-13,2025-10-13 14:20:11,002263.SZ,B,3.600,500
1086,58,2025-10-13,2025-10-13 14:20:11,600933.SH,B,20.670,300
1087,61,2025-10-13,2025-10-13 14:20:11,002059.SZ,S,5.560,1100
1088,59,2025-10-13,2025-10-13 14:20:11,300324.SZ,B,6.050,2000
1089,52,2025-10-13,2025-10-13 14:20:04,300324.SZ,B,6.050,4700
1090,52,2025-10-13,2025-10-13 14:20:10,600933.SH,B,20.670,100
1091,61,2025-10-13,2025-10-13 14:20:11,002059.SZ,S,5.560,400
1092,60,2025-10-13,2025-10-13 14:20:09,603659.SH,S,27.560,100
1093,52,2025-10-13,2025-10-13 14:19:53,601777.SH,B,11.350,100
1094,58,2025-10-13,2025-10-13 14:20:06,300149.SZ,B,11.260,300
1095,58,2025-10-13,2025-10-13 14:20:05,002915.SZ,B,26.020,300
1096,52,2025-10-13,2025-10-13 14:19:00,002681.SZ,B,6.790,100
1097,58,2025-10-13,2025-10-13 14:19:59,300582.SZ,B,16.230,100
1098,58,2025-10-13,2025-10-13 14:19:59,002681.SZ,B,6.790,100
1099,58,2025-10-13,2025-10-13 14:19:56,002681.SZ,B,6.790,400
1100,58,2025-10-13,2025-10-13 14:19:53,002733.SZ,B,21.390,100
1101,58,2025-10-13,2025-10-13 14:19:54,002356.SZ,S,3.420,100
1102,58,2025-10-13,2025-10-13 14:19:49,002150.SZ,S,18.570,100
1103,58,2025-10-13,2025-10-13 14:19:48,603013.SH,S,23.670,100
1104,59,2025-10-13,2025-10-13 14:19:45,002858.SZ,S,14.640,100
1105,58,2025-10-13,2025-10-13 14:19:38,301217.SZ,B,29.200,500
1106,58,2025-10-13,2025-10-13 14:19:38,301217.SZ,B,29.200,100
1107,63,2025-10-13,2025-10-13 14:19:37,002317.SZ,S,16.710,200
1108,60,2025-10-13,2025-10-13 14:19:36,002851.SZ,B,70.030,200
1109,58,2025-10-13,2025-10-13 14:19:35,300092.SZ,S,16.970,100
1110,58,2025-10-13,2025-10-13 14:19:35,300092.SZ,S,16.970,200
1111,52,2025-10-13,2025-10-13 14:19:34,300092.SZ,S,16.970,200
1112,60,2025-10-13,2025-10-13 14:19:34,300224.SZ,S,19.970,600
1113,62,2025-10-13,2025-10-13 14:19:34,300224.SZ,S,19.970,800
1114,62,2025-10-13,2025-10-13 14:19:34,300224.SZ,S,19.970,300
1115,62,2025-10-13,2025-10-13 14:19:33,002384.SZ,B,65.260,100
1116,62,2025-10-13,2025-10-13 14:19:33,002384.SZ,B,65.260,200
1117,61,2025-10-13,2025-10-13 14:19:31,301382.SZ,B,34.240,200
1118,62,2025-10-13,2025-10-13 14:19:29,002384.SZ,B,65.230,300
1119,63,2025-10-13,2025-10-13 14:19:26,600330.SH,S,10.730,300
1120,59,2025-10-13,2025-10-13 14:19:25,300149.SZ,B,11.260,400
1121,61,2025-10-13,2025-10-13 14:19:25,300149.SZ,B,11.260,200
1122,61,2025-10-13,2025-10-13 14:19:24,601777.SH,S,11.370,200
1123,58,2025-10-13,2025-10-13 14:19:24,603090.SH,S,50.280,300
1124,52,2025-10-13,2025-10-13 14:18:32,603090.SH,S,50.280,100
1125,52,2025-10-13,2025-10-13 14:18:32,603090.SH,S,50.280,100
1126,61,2025-10-13,2025-10-13 14:19:20,300607.SZ,B,33.500,200
1127,58,2025-10-13,2025-10-13 14:19:19,002126.SZ,S,37.960,100
1128,58,2025-10-13,2025-10-13 14:19:19,300042.SZ,S,28.200,100
1129,63,2025-10-13,2025-10-13 14:19:19,002126.SZ,S,37.960,100
1130,61,2025-10-13,2025-10-13 14:19:19,002681.SZ,B,6.800,700
1131,63,2025-10-13,2025-10-13 14:19:17,601618.SH,S,4.010,300
1132,61,2025-10-13,2025-10-13 14:19:17,601618.SH,S,4.010,3000
1133,59,2025-10-13,2025-10-13 14:19:17,601618.SH,S,4.010,1200
1134,52,2025-10-13,2025-10-13 14:19:16,301235.SZ,S,34.130,100
1135,58,2025-10-13,2025-10-13 14:19:15,603538.SH,S,21.780,100
1136,59,2025-10-13,2025-10-13 14:19:10,002987.SZ,B,20.740,300
1137,59,2025-10-13,2025-10-13 14:19:08,002987.SZ,B,20.740,100
1138,58,2025-10-13,2025-10-13 14:19:08,000887.SZ,B,23.060,100
1139,58,2025-10-13,2025-10-13 14:19:08,000659.SZ,S,2.820,100
1140,61,2025-10-13,2025-10-13 14:19:07,600284.SH,B,9.290,500
1141,61,2025-10-13,2025-10-13 14:19:07,603118.SH,B,12.620,500
1142,59,2025-10-13,2025-10-13 14:19:05,000592.SZ,S,3.620,1800
1143,61,2025-10-13,2025-10-13 14:19:05,000592.SZ,S,3.620,4800
1144,60,2025-10-13,2025-10-13 14:19:04,300433.SZ,B,30.000,400
1145,60,2025-10-13,2025-10-13 14:19:02,002837.SZ,S,78.920,100
1146,58,2025-10-13,2025-10-13 14:19:01,002017.SZ,S,22.840,100
1147,61,2025-10-13,2025-10-13 14:19:00,002239.SZ,S,3.220,100
1148,52,2025-10-13,2025-10-13 14:18:08,601618.SH,S,3.990,900
1149,60,2025-10-13,2025-10-13 14:18:57,001337.SZ,B,31.030,100
1150,58,2025-10-13,2025-10-13 14:18:55,002245.SZ,B,18.370,100
1151,60,2025-10-13,2025-10-13 14:18:55,603659.SH,B,27.400,300
1152,63,2025-10-13,2025-10-13 14:18:54,300115.SZ,S,36.080,100
1153,60,2025-10-13,2025-10-13 14:18:53,300827.SZ,B,32.040,400
1154,58,2025-10-13,2025-10-13 14:18:50,002284.SZ,B,12.420,500
1155,58,2025-10-13,2025-10-13 14:18:49,300565.SZ,S,11.940,100
1156,60,2025-10-13,2025-10-13 14:18:46,000426.SZ,B,36.220,700
1157,60,2025-10-13,2025-10-13 14:18:45,603799.SH,B,67.590,200
1158,60,2025-10-13,2025-10-13 14:18:45,603799.SH,B,67.590,500
1159,60,2025-10-13,2025-10-13 14:18:45,002298.SZ,B,13.200,400
1160,60,2025-10-13,2025-10-13 14:18:45,002466.SZ,B,48.220,200
1161,60,2025-10-13,2025-10-13 14:18:45,002298.SZ,B,13.200,100
1162,58,2025-10-13,2025-10-13 14:18:44,002843.SZ,B,21.690,300
1163,61,2025-10-13,2025-10-13 14:18:41,002664.SZ,S,30.830,100
1164,58,2025-10-13,2025-10-13 14:18:41,002664.SZ,S,30.830,100
1165,59,2025-10-13,2025-10-13 14:18:32,002263.SZ,B,3.590,400
1166,59,2025-10-13,2025-10-13 14:18:30,603090.SH,S,50.300,200
1167,52,2025-10-13,2025-10-13 14:18:24,300582.SZ,B,16.220,100
1168,58,2025-10-13,2025-10-13 14:18:27,603920.SH,B,41.460,100
1169,58,2025-10-13,2025-10-13 14:18:25,002225.SZ,S,6.000,100
1170,52,2025-10-13,2025-10-13 14:18:25,002915.SZ,B,26.000,100
1171,52,2025-10-13,2025-10-13 14:18:25,300258.SZ,B,14.410,100
1172,52,2025-10-13,2025-10-13 14:18:22,603881.SH,B,33.910,100
1173,63,2025-10-13,2025-10-13 14:18:20,600000.SH,S,12.580,500
1174,58,2025-10-13,2025-10-13 14:18:17,603118.SH,B,12.600,100
1175,52,2025-10-13,2025-10-13 14:18:17,301076.SZ,B,51.200,100
1176,58,2025-10-13,2025-10-13 14:18:11,002272.SZ,B,16.400,300
1177,58,2025-10-13,2025-10-13 14:18:08,600235.SH,S,7.290,1800
1178,52,2025-10-13,2025-10-13 14:18:00,600235.SH,S,7.290,800
1179,58,2025-10-13,2025-10-13 14:18:07,002011.SZ,S,13.910,100
1180,61,2025-10-13,2025-10-13 14:18:07,000887.SZ,B,23.030,200
1181,59,2025-10-13,2025-10-13 14:18:02,002733.SZ,S,21.330,100
1182,58,2025-10-13,2025-10-13 14:18:00,002335.SZ,B,65.940,100
1183,58,2025-10-13,2025-10-13 14:17:58,603344.SH,B,28.240,100
1184,58,2025-10-13,2025-10-13 14:17:58,002676.SZ,S,9.320,100
1185,58,2025-10-13,2025-10-13 14:17:57,001236.SZ,S,10.960,100
1186,58,2025-10-13,2025-10-13 14:17:56,300890.SZ,S,32.790,100
1187,58,2025-10-13,2025-10-13 14:17:55,000592.SZ,S,3.620,2500
1188,58,2025-10-13,2025-10-13 14:17:55,000592.SZ,S,3.620,2200
1189,58,2025-10-13,2025-10-13 14:17:55,000592.SZ,S,3.620,200
1190,58,2025-10-13,2025-10-13 14:17:55,000592.SZ,S,3.620,100
1191,58,2025-10-13,2025-10-13 14:17:55,000592.SZ,S,3.620,100
1192,58,2025-10-13,2025-10-13 14:17:54,600284.SH,B,9.290,300
1193,58,2025-10-13,2025-10-13 14:17:48,601618.SH,S,4.000,3200
1194,52,2025-10-13,2025-10-13 14:17:29,000751.SZ,S,4.000,100
1195,52,2025-10-13,2025-10-13 14:16:51,300043.SZ,B,6.460,200
1196,61,2025-10-13,2025-10-13 14:17:44,300185.SZ,S,3.200,100
1197,58,2025-10-13,2025-10-13 14:17:40,002068.SZ,S,10.390,100
1198,52,2025-10-13,2025-10-13 14:16:54,603456.SH,B,19.140,100
1199,52,2025-10-13,2025-10-13 14:16:54,603456.SH,B,19.140,100
1200,61,2025-10-13,2025-10-13 14:17:39,603863.SH,S,22.520,100
1201,58,2025-10-13,2025-10-13 14:17:38,603863.SH,S,22.520,100
1202,59,2025-10-13,2025-10-13 14:17:34,002284.SZ,B,12.410,400
1203,52,2025-10-13,2025-10-13 14:16:39,002284.SZ,B,12.410,200
1204,61,2025-10-13,2025-10-13 14:17:18,603980.SH,S,5.490,100
1205,59,2025-10-13,2025-10-13 14:17:15,002059.SZ,S,5.560,1000
1206,52,2025-10-13,2025-10-13 14:16:49,002843.SZ,B,21.660,100
1207,52,2025-10-13,2025-10-13 14:17:11,001258.SZ,S,7.590,100
1208,52,2025-10-13,2025-10-13 14:16:55,600000.SH,S,12.580,100
1209,59,2025-10-13,2025-10-13 14:17:10,002429.SZ,B,6.340,600
1210,59,2025-10-13,2025-10-13 14:17:07,002429.SZ,B,6.340,200
1211,63,2025-10-13,2025-10-13 14:17:07,002429.SZ,B,6.340,600
1212,61,2025-10-13,2025-10-13 14:17:04,600478.SH,S,6.480,100
1213,61,2025-10-13,2025-10-13 14:17:00,002429.SZ,B,6.340,1100
1214,63,2025-10-13,2025-10-13 14:17:00,002429.SZ,B,6.340,800
1215,61,2025-10-13,2025-10-13 14:16:57,600595.SH,S,5.240,100
1216,58,2025-10-13,2025-10-13 14:16:56,601686.SH,S,6.370,100
1217,52,2025-10-13,2025-10-13 14:16:53,600284.SH,B,9.290,100
1218,58,2025-10-13,2025-10-13 14:16:54,300607.SZ,B,33.450,100
1219,52,2025-10-13,2025-10-13 14:16:52,002532.SZ,B,11.580,100
1220,61,2025-10-13,2025-10-13 14:16:52,300164.SZ,S,5.670,100
1221,52,2025-10-13,2025-10-13 14:16:23,603269.SH,S,13.300,100
1222,58,2025-10-13,2025-10-13 14:16:49,300115.SZ,B,36.020,100
1223,58,2025-10-13,2025-10-13 14:16:49,603269.SH,S,13.300,400
1224,58,2025-10-13,2025-10-13 14:16:49,603269.SH,S,13.300,100
1225,61,2025-10-13,2025-10-13 14:16:47,300792.SZ,B,32.240,300
1226,52,2025-10-13,2025-10-13 14:16:36,300792.SZ,B,32.250,100
1227,58,2025-10-13,2025-10-13 14:16:46,300517.SZ,S,11.710,100
1228,61,2025-10-13,2025-10-13 14:16:45,002080.SZ,B,32.100,200
1229,59,2025-10-13,2025-10-13 14:16:39,603920.SH,B,41.410,200
1230,58,2025-10-13,2025-10-13 14:16:34,603228.SH,B,58.270,100
1231,58,2025-10-13,2025-10-13 14:16:29,600370.SH,S,2.070,100
1232,52,2025-10-13,2025-10-13 14:16:20,600330.SH,S,10.650,100
1233,61,2025-10-13,2025-10-13 14:16:25,603269.SH,S,13.290,500
1234,52,2025-10-13,2025-10-13 14:16:23,603381.SH,B,23.210,100
1235,58,2025-10-13,2025-10-13 14:16:19,300173.SZ,S,5.750,100
1236,58,2025-10-13,2025-10-13 14:16:19,600156.SH,S,8.460,100
1237,58,2025-10-13,2025-10-13 14:16:19,300722.SZ,S,32.100,200
1238,58,2025-10-13,2025-10-13 14:16:18,002731.SZ,S,12.810,100
1239,58,2025-10-13,2025-10-13 14:16:18,603222.SH,S,10.250,100
1240,58,2025-10-13,2025-10-13 14:16:18,002565.SZ,S,7.200,100
1241,58,2025-10-13,2025-10-13 14:16:18,002515.SZ,S,7.390,100
1242,61,2025-10-13,2025-10-13 14:16:18,002772.SZ,S,10.170,100
1243,63,2025-10-13,2025-10-13 14:16:18,300486.SZ,S,19.980,100
1244,63,2025-10-13,2025-10-13 14:16:18,000425.SZ,S,11.210,500
1245,61,2025-10-13,2025-10-13 14:16:17,002703.SZ,S,13.090,100
1246,61,2025-10-13,2025-10-13 14:16:17,002506.SZ,S,2.480,100
1247,61,2025-10-13,2025-10-13 14:16:17,300722.SZ,S,32.110,200
1248,61,2025-10-13,2025-10-13 14:16:17,600169.SH,S,2.660,100
1249,61,2025-10-13,2025-10-13 14:16:17,000882.SZ,S,2.000,1100
1250,61,2025-10-13,2025-10-13 14:16:17,002172.SZ,S,4.080,100
1251,61,2025-10-13,2025-10-13 14:16:17,002245.SZ,S,18.310,100
1252,61,2025-10-13,2025-10-13 14:16:17,002321.SZ,S,2.850,100
1253,61,2025-10-13,2025-10-13 14:16:17,301125.SZ,S,19.440,100
1254,59,2025-10-13,2025-10-13 14:16:15,000882.SZ,S,2.000,400
1255,59,2025-10-13,2025-10-13 14:16:15,002245.SZ,S,18.310,200
1256,59,2025-10-13,2025-10-13 14:16:15,300722.SZ,S,32.110,100
1257,59,2025-10-13,2025-10-13 14:16:15,600169.SH,S,2.660,100
1258,59,2025-10-13,2025-10-13 14:16:16,002772.SZ,S,10.170,100
1259,63,2025-10-13,2025-10-13 14:16:15,002256.SZ,S,3.100,200
1260,61,2025-10-13,2025-10-13 14:13:33,300153.SZ,B,35.040,200
1261,61,2025-10-13,2025-10-13 14:13:31,002245.SZ,B,18.370,400
1262,59,2025-10-13,2025-10-13 14:13:30,600169.SH,S,2.660,2000
1263,59,2025-10-13,2025-10-13 14:13:30,002269.SZ,S,2.330,100
1264,61,2025-10-13,2025-10-13 14:13:30,600169.SH,S,2.660,5200
1265,61,2025-10-13,2025-10-13 14:13:20,000676.SZ,B,9.520,500
1266,61,2025-10-13,2025-10-13 14:13:17,300324.SZ,B,6.060,700
1267,61,2025-10-13,2025-10-13 14:13:16,000514.SZ,S,5.420,600
1268,61,2025-10-13,2025-10-13 14:13:09,002622.SZ,S,3.140,100
1269,61,2025-10-13,2025-10-13 14:13:08,600239.SH,S,2.610,100
1270,61,2025-10-13,2025-10-13 14:13:08,600162.SH,S,2.080,100
1271,59,2025-10-13,2025-10-13 14:13:07,000514.SZ,S,5.420,600
1272,59,2025-10-13,2025-10-13 14:13:07,600239.SH,S,2.610,100
1273,58,2025-10-13,2025-10-13 14:13:05,603456.SH,B,19.160,200
1274,58,2025-10-13,2025-10-13 14:13:02,603920.SH,B,41.560,100
1275,58,2025-10-13,2025-10-13 14:13:02,603920.SH,B,41.560,100
1276,58,2025-10-13,2025-10-13 14:13:00,603900.SH,S,10.220,400
1277,58,2025-10-13,2025-10-13 14:13:00,603906.SH,B,17.020,200
1278,58,2025-10-13,2025-10-13 14:13:00,603906.SH,B,17.020,200
1279,58,2025-10-13,2025-10-13 14:13:00,002272.SZ,B,16.450,200
1280,63,2025-10-13,2025-10-13 14:13:00,300115.SZ,B,36.160,100
1281,58,2025-10-13,2025-10-13 14:12:57,002987.SZ,B,20.750,200
1282,58,2025-10-13,2025-10-13 14:12:56,600169.SH,S,2.660,5500
1283,52,2025-10-13,2025-10-13 14:12:55,600169.SH,S,2.660,2200
1284,58,2025-10-13,2025-10-13 14:12:47,600162.SH,S,2.080,100
1285,61,2025-10-13,2025-10-13 14:12:47,000889.SZ,S,3.660,100
1286,58,2025-10-13,2025-10-13 14:12:46,600239.SH,S,2.610,100
1287,58,2025-10-13,2025-10-13 14:12:46,000514.SZ,S,5.420,200
1288,58,2025-10-13,2025-10-13 14:12:46,000514.SZ,S,5.420,300
1289,58,2025-10-13,2025-10-13 14:12:46,000514.SZ,S,5.420,300
1290,58,2025-10-13,2025-10-13 14:12:46,000514.SZ,S,5.420,600
1291,58,2025-10-13,2025-10-13 14:12:46,000514.SZ,S,5.420,300
1292,58,2025-10-13,2025-10-13 14:12:46,000514.SZ,S,5.420,100
1293,61,2025-10-13,2025-10-13 14:12:46,000676.SZ,B,9.510,400
1294,52,2025-10-13,2025-10-13 14:12:46,000514.SZ,S,5.420,600
1295,63,2025-10-13,2025-10-13 14:12:18,600011.SH,S,7.280,200
1296,61,2025-10-13,2025-10-13 14:11:23,002420.SZ,S,8.050,400
1297,59,2025-10-13,2025-10-13 14:10:21,000882.SZ,S,2.000,400
1298,61,2025-10-13,2025-10-13 14:10:21,000882.SZ,S,2.000,900
1299,58,2025-10-13,2025-10-13 14:10:12,300153.SZ,B,34.990,100
1300,58,2025-10-13,2025-10-13 14:10:10,688373.SH,B,8.270,1006
1301,58,2025-10-13,2025-10-13 14:10:06,002420.SZ,S,8.050,100
1302,58,2025-10-13,2025-10-13 14:10:06,002420.SZ,S,8.050,500
1303,58,2025-10-13,2025-10-13 14:10:06,002420.SZ,S,8.050,800
1304,58,2025-10-13,2025-10-13 14:10:04,603381.SH,B,23.210,200
1305,58,2025-10-13,2025-10-13 14:10:02,000751.SZ,S,4.000,800
1306,61,2025-10-13,2025-10-13 14:10:01,000892.SZ,B,6.030,1000
1307,59,2025-10-13,2025-10-13 14:09:59,000676.SZ,B,9.510,400
1308,63,2025-10-13,2025-10-13 14:09:59,002080.SZ,B,32.230,200
1309,52,2025-10-13,2025-10-13 14:09:53,002080.SZ,B,32.240,100
1310,52,2025-10-13,2025-10-13 14:06:13,002420.SZ,S,8.050,500
1311,61,2025-10-13,2025-10-13 14:09:39,000892.SZ,B,6.030,1300
1312,59,2025-10-13,2025-10-13 14:09:35,000892.SZ,B,6.030,400
1313,59,2025-10-13,2025-10-13 14:09:07,603900.SH,S,10.230,200
1314,61,2025-10-13,2025-10-13 14:09:07,600785.SH,S,12.830,200
1315,63,2025-10-13,2025-10-13 14:09:07,601777.SH,B,11.360,400
1316,59,2025-10-13,2025-10-13 14:09:07,600785.SH,S,12.830,100
1317,61,2025-10-13,2025-10-13 14:08:55,300324.SZ,B,6.040,1000
1318,63,2025-10-13,2025-10-13 14:08:48,300115.SZ,B,36.020,200
1319,58,2025-10-13,2025-10-13 14:08:47,300357.SZ,B,28.700,200
1320,52,2025-10-13,2025-10-13 14:03:01,002429.SZ,B,6.340,200
1321,61,2025-10-13,2025-10-13 14:08:37,300357.SZ,B,28.700,100
1322,61,2025-10-13,2025-10-13 14:08:23,300357.SZ,B,28.700,100
1323,61,2025-10-13,2025-10-13 14:08:22,300153.SZ,B,34.910,300
1324,61,2025-10-13,2025-10-13 14:08:09,002054.SZ,S,6.880,100
1325,52,2025-10-13,2025-10-13 14:07:42,601988.SH,B,5.220,100
1326,52,2025-10-13,2025-10-13 14:07:57,000887.SZ,B,23.050,100
1327,61,2025-10-13,2025-10-13 14:07:59,300153.SZ,B,34.910,100
1328,61,2025-10-13,2025-10-13 14:07:57,300153.SZ,B,34.910,100
1329,52,2025-10-13,2025-10-13 14:07:48,002313.SZ,S,10.990,100
1330,63,2025-10-13,2025-10-13 14:07:49,300115.SZ,B,36.050,100
1331,61,2025-10-13,2025-10-13 14:07:45,002545.SZ,B,13.570,200
1332,61,2025-10-13,2025-10-13 14:07:43,603900.SH,S,10.220,200
1333,63,2025-10-13,2025-10-13 14:07:43,603900.SH,S,10.220,100
1334,61,2025-10-13,2025-10-13 14:07:37,603900.SH,S,10.220,200
1335,59,2025-10-13,2025-10-13 14:07:31,603901.SH,S,11.270,100
1336,61,2025-10-13,2025-10-13 14:07:31,603901.SH,S,11.270,200
1337,61,2025-10-13,2025-10-13 14:07:27,000762.SZ,S,24.810,300
1338,58,2025-10-13,2025-10-13 14:07:23,300258.SZ,B,14.420,300
1339,52,2025-10-13,2025-10-13 14:03:09,601777.SH,B,11.340,100
1340,52,2025-10-13,2025-10-13 14:03:02,000676.SZ,B,9.480,200
1341,58,2025-10-13,2025-10-13 14:06:56,603118.SH,B,12.630,200
1342,58,2025-10-13,2025-10-13 14:06:53,000882.SZ,S,2.000,900
1343,52,2025-10-13,2025-10-13 14:06:52,000882.SZ,S,2.000,200
1344,58,2025-10-13,2025-10-13 14:06:49,002733.SZ,B,21.320,200
1345,63,2025-10-13,2025-10-13 14:06:49,601121.SH,S,7.200,300
1346,63,2025-10-13,2025-10-13 14:06:49,601121.SH,S,7.200,100
1347,63,2025-10-13,2025-10-13 14:06:49,601121.SH,S,7.200,300
1348,63,2025-10-13,2025-10-13 14:06:49,601121.SH,S,7.200,100
1349,63,2025-10-13,2025-10-13 14:06:49,601121.SH,S,7.200,1400
1350,63,2025-10-13,2025-10-13 14:06:49,601121.SH,S,7.200,1300
1351,63,2025-10-13,2025-10-13 14:06:49,601121.SH,S,7.200,2300
1352,63,2025-10-13,2025-10-13 14:06:49,601121.SH,S,7.200,500
1353,61,2025-10-13,2025-10-13 14:06:49,300190.SZ,S,4.360,100
1354,59,2025-10-13,2025-10-13 14:06:48,300190.SZ,S,4.360,100
1355,63,2025-10-13,2025-10-13 14:06:45,002080.SZ,B,32.240,200
1356,63,2025-10-13,2025-10-13 14:06:44,002080.SZ,B,32.240,200
1357,61,2025-10-13,2025-10-13 14:06:26,605100.SH,S,28.870,200
1358,63,2025-10-13,2025-10-13 14:06:26,605100.SH,S,28.870,200
1359,58,2025-10-13,2025-10-13 14:06:14,002420.SZ,S,8.050,700
1360,61,2025-10-13,2025-10-13 14:06:07,300092.SZ,S,16.920,100
1361,58,2025-10-13,2025-10-13 14:06:05,300149.SZ,B,11.260,200
1362,58,2025-10-13,2025-10-13 14:06:00,300092.SZ,S,16.910,100
1363,61,2025-10-13,2025-10-13 14:05:55,300890.SZ,S,32.850,200
1364,52,2025-10-13,2025-10-13 14:05:48,603900.SH,S,10.220,100
1365,61,2025-10-13,2025-10-13 14:05:40,000965.SZ,S,4.330,400
1366,59,2025-10-13,2025-10-13 14:05:39,000965.SZ,S,4.330,100
1367,58,2025-10-13,2025-10-13 14:05:34,002772.SZ,S,10.130,200
1368,52,2025-10-13,2025-10-13 14:05:34,002772.SZ,S,10.130,100
1369,59,2025-10-13,2025-10-13 14:05:34,002772.SZ,S,10.140,100
1370,58,2025-10-13,2025-10-13 14:05:32,000629.SZ,S,3.100,100
1371,61,2025-10-13,2025-10-13 14:05:33,002420.SZ,S,8.070,700
1372,52,2025-10-13,2025-10-13 14:05:31,000965.SZ,S,4.330,100
1373,58,2025-10-13,2025-10-13 14:05:30,000965.SZ,S,4.330,400
1374,58,2025-10-13,2025-10-13 14:05:29,600785.SH,S,12.850,200
1375,52,2025-10-13,2025-10-13 14:05:28,600785.SH,S,12.850,100
1376,61,2025-10-13,2025-10-13 14:05:28,002940.SZ,S,38.160,100
1377,61,2025-10-13,2025-10-13 14:05:22,300043.SZ,S,6.470,200
1378,61,2025-10-13,2025-10-13 14:05:22,300043.SZ,S,6.470,200
1379,59,2025-10-13,2025-10-13 14:05:21,300043.SZ,S,6.470,200
1380,59,2025-10-13,2025-10-13 14:05:19,300382.SZ,B,15.540,400
1381,63,2025-10-13,2025-10-13 14:05:18,000629.SZ,S,3.100,10400
1382,59,2025-10-13,2025-10-13 14:05:17,300324.SZ,B,6.050,800
1383,58,2025-10-13,2025-10-13 14:05:17,300324.SZ,B,6.050,1000
1384,52,2025-10-13,2025-10-13 14:01:30,300324.SZ,B,6.050,300
1385,58,2025-10-13,2025-10-13 14:05:03,002545.SZ,B,13.600,200
1386,61,2025-10-13,2025-10-13 14:04:59,002772.SZ,S,10.140,200
1387,61,2025-10-13,2025-10-13 14:04:59,002245.SZ,B,18.350,200
1388,59,2025-10-13,2025-10-13 14:04:58,002313.SZ,S,11.030,100
1389,61,2025-10-13,2025-10-13 14:04:57,002313.SZ,S,11.030,200
1390,61,2025-10-13,2025-10-13 14:04:57,603656.SH,S,22.400,100
1391,61,2025-10-13,2025-10-13 14:04:56,300324.SZ,B,6.050,1400
1392,61,2025-10-13,2025-10-13 14:04:55,300153.SZ,B,34.930,100
1393,61,2025-10-13,2025-10-13 14:04:54,300153.SZ,B,34.930,100
1394,61,2025-10-13,2025-10-13 14:04:48,600331.SH,B,10.380,200
1395,59,2025-10-13,2025-10-13 14:04:46,605100.SH,S,28.880,100
1396,58,2025-10-13,2025-10-13 14:04:35,601121.SH,S,7.200,100
1397,52,2025-10-13,2025-10-13 14:01:20,001391.SZ,B,6.540,100
1398,58,2025-10-13,2025-10-13 14:04:18,002126.SZ,B,37.860,200
1399,58,2025-10-13,2025-10-13 14:04:18,600728.SH,S,6.870,200
1400,52,2025-10-13,2025-10-13 14:02:52,601998.SH,B,7.290,100
1401,58,2025-10-13,2025-10-13 14:04:08,603978.SH,S,23.350,300
1402,59,2025-10-13,2025-10-13 14:04:07,002731.SZ,S,12.730,100
1403,61,2025-10-13,2025-10-13 14:04:07,300769.SZ,S,43.070,100
1404,61,2025-10-13,2025-10-13 14:04:06,002731.SZ,S,12.730,200
1405,52,2025-10-13,2025-10-13 14:04:02,002731.SZ,S,12.730,100
1406,58,2025-10-13,2025-10-13 14:04:02,002731.SZ,S,12.730,200
1407,61,2025-10-13,2025-10-13 14:04:02,002313.SZ,S,11.030,200
1408,52,2025-10-13,2025-10-13 14:03:25,300258.SZ,B,14.440,100
1409,58,2025-10-13,2025-10-13 14:04:00,605298.SH,S,40.800,100
1410,63,2025-10-13,2025-10-13 14:04:00,600330.SH,S,10.650,300
1411,58,2025-10-13,2025-10-13 14:03:57,601777.SH,B,11.350,400
1412,61,2025-10-13,2025-10-13 14:03:57,002843.SZ,B,21.690,200
1413,52,2025-10-13,2025-10-13 14:03:51,000892.SZ,B,6.020,200
1414,58,2025-10-13,2025-10-13 14:03:55,002313.SZ,S,11.040,400
1415,61,2025-10-13,2025-10-13 14:03:51,605298.SH,S,40.830,100
1416,61,2025-10-13,2025-10-13 14:03:51,000514.SZ,S,5.440,100
1417,61,2025-10-13,2025-10-13 14:03:44,300468.SZ,B,37.150,200
1418,59,2025-10-13,2025-10-13 14:03:42,002420.SZ,S,8.070,200
1419,59,2025-10-13,2025-10-13 14:03:42,002420.SZ,S,8.070,100
1420,59,2025-10-13,2025-10-13 14:03:42,002420.SZ,S,8.070,100
1421,61,2025-10-13,2025-10-13 14:03:42,002420.SZ,S,8.070,100
1422,61,2025-10-13,2025-10-13 14:03:42,002420.SZ,S,8.070,500
1423,61,2025-10-13,2025-10-13 14:03:42,002420.SZ,S,8.070,100
1424,63,2025-10-13,2025-10-13 14:03:42,002420.SZ,S,8.070,200
1425,61,2025-10-13,2025-10-13 14:03:42,002420.SZ,S,8.070,200
1426,63,2025-10-13,2025-10-13 14:03:42,002420.SZ,S,8.070,400
1427,59,2025-10-13,2025-10-13 14:03:42,002420.SZ,S,8.070,100
1428,59,2025-10-13,2025-10-13 14:03:42,002420.SZ,S,8.070,100
1429,59,2025-10-13,2025-10-13 14:03:42,002420.SZ,S,8.070,100
1430,61,2025-10-13,2025-10-13 14:03:40,000514.SZ,S,5.440,600
1431,61,2025-10-13,2025-10-13 14:03:40,000514.SZ,S,5.440,200
1432,61,2025-10-13,2025-10-13 14:03:40,603456.SH,B,19.170,200
1433,61,2025-10-13,2025-10-13 14:03:40,000514.SZ,S,5.440,100
1434,61,2025-10-13,2025-10-13 14:03:40,000514.SZ,S,5.440,100
1435,52,2025-10-13,2025-10-13 14:03:26,603118.SH,B,12.590,100
1436,58,2025-10-13,2025-10-13 14:03:32,300468.SZ,B,37.130,200
1437,61,2025-10-13,2025-10-13 14:03:25,603118.SH,B,12.590,200
1438,58,2025-10-13,2025-10-13 14:03:20,300258.SZ,B,14.450,300
1439,58,2025-10-13,2025-10-13 14:03:17,603901.SH,S,11.280,200
1440,52,2025-10-13,2025-10-13 14:02:57,603901.SH,S,11.280,100
1441,58,2025-10-13,2025-10-13 14:03:14,000751.SZ,S,3.990,400
1442,58,2025-10-13,2025-10-13 14:03:14,000751.SZ,S,3.990,300
1443,58,2025-10-13,2025-10-13 14:03:14,000751.SZ,S,3.990,200
1444,52,2025-10-13,2025-10-13 14:03:03,000751.SZ,S,3.990,600
1445,58,2025-10-13,2025-10-13 14:03:14,000751.SZ,S,3.990,400
1446,59,2025-10-13,2025-10-13 14:03:11,603978.SH,S,23.370,100
1447,52,2025-10-13,2025-10-13 14:03:08,603920.SH,B,41.450,100
1448,63,2025-10-13,2025-10-13 14:03:04,300115.SZ,B,36.110,200
1449,58,2025-10-13,2025-10-13 14:03:03,300043.SZ,S,6.470,100
1450,58,2025-10-13,2025-10-13 14:02:53,601208.SH,B,18.910,200
1451,58,2025-10-13,2025-10-13 14:02:51,002183.SZ,B,5.180,200
1452,52,2025-10-13,2025-10-13 14:01:31,600029.SH,B,5.970,100
1453,52,2025-10-13,2025-10-13 14:02:33,300468.SZ,B,37.110,100
1454,59,2025-10-13,2025-10-13 14:02:44,002245.SZ,B,18.280,400
1455,58,2025-10-13,2025-10-13 14:02:44,300153.SZ,B,34.910,200
1456,59,2025-10-13,2025-10-13 14:02:40,300890.SZ,S,32.860,100
1457,52,2025-10-13,2025-10-13 14:02:26,300115.SZ,B,36.120,100
1458,58,2025-10-13,2025-10-13 14:02:38,300153.SZ,B,34.910,100
1459,58,2025-10-13,2025-10-13 14:02:36,002245.SZ,B,18.280,400
1460,52,2025-10-13,2025-10-13 14:02:36,002245.SZ,B,18.280,100
1461,58,2025-10-13,2025-10-13 14:02:35,600673.SH,S,22.340,100
1462,52,2025-10-13,2025-10-13 14:02:33,300153.SZ,B,34.910,100
1463,61,2025-10-13,2025-10-13 14:02:30,300258.SZ,B,14.450,900
1464,59,2025-10-13,2025-10-13 14:02:29,300258.SZ,B,14.450,400
1465,58,2025-10-13,2025-10-13 14:02:24,603936.SH,S,12.400,300
1466,59,2025-10-13,2025-10-13 14:02:23,600673.SH,S,22.340,100
1467,61,2025-10-13,2025-10-13 14:02:23,600673.SH,S,22.340,100
1468,58,2025-10-13,2025-10-13 14:02:20,603936.SH,S,12.400,200
1469,52,2025-10-13,2025-10-13 14:02:12,601328.SH,B,6.720,100
1470,58,2025-10-13,2025-10-13 14:02:15,300582.SZ,B,16.290,200
1471,52,2025-10-13,2025-10-13 14:02:12,002736.SZ,B,14.000,100
1472,58,2025-10-13,2025-10-13 14:02:06,300890.SZ,S,32.840,200
1473,52,2025-10-13,2025-10-13 14:02:05,300890.SZ,S,32.840,100
1474,61,2025-10-13,2025-10-13 14:02:03,601777.SH,B,11.370,300
1475,63,2025-10-13,2025-10-13 14:02:03,601777.SH,B,11.370,800
1476,61,2025-10-13,2025-10-13 14:02:03,601777.SH,B,11.370,300
1477,59,2025-10-13,2025-10-13 14:02:01,002733.SZ,B,21.230,100
1478,59,2025-10-13,2025-10-13 14:02:01,002733.SZ,B,21.230,100
1479,59,2025-10-13,2025-10-13 14:02:01,002733.SZ,B,21.230,100
1480,59,2025-10-13,2025-10-13 14:02:01,002733.SZ,B,21.230,100
1481,58,2025-10-13,2025-10-13 14:01:55,603656.SH,S,22.410,100
1482,59,2025-10-13,2025-10-13 14:01:53,002434.SZ,S,10.200,100
1483,61,2025-10-13,2025-10-13 14:01:53,002434.SZ,S,10.200,300
1484,52,2025-10-13,2025-10-13 14:01:49,002434.SZ,S,10.200,100
1485,58,2025-10-13,2025-10-13 14:01:52,300693.SZ,B,39.190,200
1486,61,2025-10-13,2025-10-13 14:01:50,603595.SH,S,22.630,100
1487,61,2025-10-13,2025-10-13 14:01:50,603595.SH,S,22.630,100
1488,58,2025-10-13,2025-10-13 14:01:49,603595.SH,S,22.630,100
1489,58,2025-10-13,2025-10-13 14:01:49,000762.SZ,S,24.940,300
1490,52,2025-10-13,2025-10-13 14:01:47,000762.SZ,S,24.940,100
1491,58,2025-10-13,2025-10-13 14:01:47,301235.SZ,S,34.140,200
1492,61,2025-10-13,2025-10-13 14:01:47,002334.SZ,S,9.760,100
1493,59,2025-10-13,2025-10-13 14:01:46,300180.SZ,S,7.430,100
1494,58,2025-10-13,2025-10-13 14:01:44,002434.SZ,S,10.200,200
1495,61,2025-10-13,2025-10-13 14:01:44,300382.SZ,S,15.580,100
1496,59,2025-10-13,2025-10-13 14:01:42,301235.SZ,S,34.160,100
1497,63,2025-10-13,2025-10-13 14:01:42,002080.SZ,B,32.300,600
1498,58,2025-10-13,2025-10-13 14:01:42,002579.SZ,B,11.760,200
1499,61,2025-10-13,2025-10-13 14:01:39,301235.SZ,S,34.160,100
1500,63,2025-10-13,2025-10-13 14:01:39,601669.SH,S,5.850,100
1501,63,2025-10-13,2025-10-13 14:01:34,002126.SZ,B,37.850,200
1502,63,2025-10-13,2025-10-13 14:01:34,002126.SZ,B,37.850,300
1503,63,2025-10-13,2025-10-13 14:01:34,002126.SZ,B,37.850,100
1504,61,2025-10-13,2025-10-13 14:01:29,300693.SZ,B,39.170,200
1505,58,2025-10-13,2025-10-13 14:01:29,605100.SH,S,28.990,200
1506,52,2025-10-13,2025-10-13 14:01:27,605100.SH,S,28.990,100
1507,61,2025-10-13,2025-10-13 14:01:26,300098.SZ,S,5.700,100
1508,61,2025-10-13,2025-10-13 14:01:25,002617.SZ,S,8.870,100
1509,63,2025-10-13,2025-10-13 14:01:20,002008.SZ,S,37.280,100
1510,58,2025-10-13,2025-10-13 14:01:19,301234.SZ,S,46.200,100
1511,59,2025-10-13,2025-10-13 14:01:18,000751.SZ,S,4.010,800
1512,61,2025-10-13,2025-10-13 14:01:18,301234.SZ,S,46.200,100
1513,61,2025-10-13,2025-10-13 14:01:17,603978.SH,S,23.370,300
1514,61,2025-10-13,2025-10-13 14:01:15,000751.SZ,S,4.010,1900
1515,52,2025-10-13,2025-10-13 13:58:29,600219.SH,B,4.100,100
1516,58,2025-10-13,2025-10-13 13:58:15,300467.SZ,B,24.530,200
1517,61,2025-10-13,2025-10-13 13:58:08,300467.SZ,B,24.530,200
1518,61,2025-10-13,2025-10-13 13:58:08,601975.SH,B,3.200,200
1519,52,2025-10-13,2025-10-13 13:58:06,600256.SH,B,5.300,100
1520,61,2025-10-13,2025-10-13 13:58:00,603365.SH,S,16.690,100
1521,61,2025-10-13,2025-10-13 13:58:00,603365.SH,S,16.690,100
1522,58,2025-10-13,2025-10-13 13:57:58,000514.SZ,S,5.430,100
1523,61,2025-10-13,2025-10-13 13:57:56,603085.SH,S,10.240,100
1524,63,2025-10-13,2025-10-13 13:57:51,601899.SH,S,30.890,100
1525,63,2025-10-13,2025-10-13 13:57:51,601899.SH,S,30.890,100
1526,63,2025-10-13,2025-10-13 13:57:51,601899.SH,S,30.890,200
1527,52,2025-10-13,2025-10-13 13:57:45,600688.SH,B,2.750,100
1528,61,2025-10-13,2025-10-13 13:57:35,601121.SH,S,7.210,100
1529,59,2025-10-13,2025-10-13 13:57:33,601121.SH,S,7.210,100
1530,61,2025-10-13,2025-10-13 13:57:30,301217.SZ,B,29.250,600
1531,61,2025-10-13,2025-10-13 13:57:30,301217.SZ,B,29.250,400
1532,58,2025-10-13,2025-10-13 13:57:12,603906.SH,B,16.900,300
1533,61,2025-10-13,2025-10-13 13:56:58,603655.SH,S,37.050,100
1534,63,2025-10-13,2025-10-13 13:56:56,000975.SZ,S,24.390,200
1535,58,2025-10-13,2025-10-13 13:56:51,600052.SH,S,5.230,100
1536,63,2025-10-13,2025-10-13 13:56:51,600961.SH,S,17.050,500
1537,63,2025-10-13,2025-10-13 13:56:29,000877.SZ,B,6.580,800
1538,61,2025-10-13,2025-10-13 13:56:26,301076.SZ,B,51.230,100
1539,58,2025-10-13,2025-10-13 13:56:02,600301.SH,S,32.130,200
1540,63,2025-10-13,2025-10-13 13:55:55,002008.SZ,B,37.180,200
1541,58,2025-10-13,2025-10-13 13:55:53,600239.SH,S,2.610,100
1542,59,2025-10-13,2025-10-13 13:55:53,300201.SZ,S,5.520,100
1543,58,2025-10-13,2025-10-13 13:55:40,603936.SH,B,12.390,1800
1544,58,2025-10-13,2025-10-13 13:55:31,002207.SZ,S,8.190,100
1545,61,2025-10-13,2025-10-13 13:55:25,300818.SZ,S,28.080,300
1546,59,2025-10-13,2025-10-13 13:55:16,300818.SZ,S,28.080,100
1547,61,2025-10-13,2025-10-13 13:55:13,600367.SH,S,17.770,300
1548,61,2025-10-13,2025-10-13 13:55:07,603365.SH,S,16.700,200
1549,58,2025-10-13,2025-10-13 13:55:02,600367.SH,S,17.770,300
1550,58,2025-10-13,2025-10-13 13:55:03,002731.SZ,S,12.720,400
1551,59,2025-10-13,2025-10-13 13:55:03,300043.SZ,B,6.460,300
1552,59,2025-10-13,2025-10-13 13:55:02,300043.SZ,B,6.460,100
1553,59,2025-10-13,2025-10-13 13:55:02,300043.SZ,B,6.460,100
1554,61,2025-10-13,2025-10-13 13:55:01,300043.SZ,B,6.460,500
1555,61,2025-10-13,2025-10-13 13:55:01,300185.SZ,S,3.190,100
1556,61,2025-10-13,2025-10-13 13:54:59,603936.SH,S,12.380,100
1557,61,2025-10-13,2025-10-13 13:54:59,300043.SZ,B,6.460,100
1558,61,2025-10-13,2025-10-13 13:54:58,603936.SH,S,12.380,300
1559,58,2025-10-13,2025-10-13 13:54:54,603085.SH,S,10.230,100
1560,61,2025-10-13,2025-10-13 13:54:54,600961.SH,S,16.860,500
1561,61,2025-10-13,2025-10-13 13:54:48,300043.SZ,B,6.460,100
1562,63,2025-10-13,2025-10-13 13:54:48,000425.SZ,S,11.240,300
1563,61,2025-10-13,2025-10-13 13:54:47,300043.SZ,B,6.460,500
1564,59,2025-10-13,2025-10-13 13:54:45,300185.SZ,S,3.190,100
1565,58,2025-10-13,2025-10-13 13:54:44,600961.SH,S,16.850,300
1566,61,2025-10-13,2025-10-13 13:54:41,600728.SH,B,6.860,100
1567,58,2025-10-13,2025-10-13 13:54:39,300818.SZ,S,28.120,100
1568,61,2025-10-13,2025-10-13 13:54:38,600728.SH,B,6.860,100
1569,61,2025-10-13,2025-10-13 13:54:38,600728.SH,B,6.860,300
1570,58,2025-10-13,2025-10-13 13:54:34,002400.SZ,B,8.200,500
1571,58,2025-10-13,2025-10-13 13:54:32,300382.SZ,B,15.560,300
1572,58,2025-10-13,2025-10-13 13:54:32,300818.SZ,S,28.120,200
1573,63,2025-10-13,2025-10-13 13:54:29,601208.SH,B,18.940,200
1574,61,2025-10-13,2025-10-13 13:54:26,605138.SH,S,7.390,300
1575,61,2025-10-13,2025-10-13 13:54:22,000892.SZ,S,6.010,300
1576,58,2025-10-13,2025-10-13 13:54:19,603655.SH,S,36.910,200
1577,61,2025-10-13,2025-10-13 13:54:18,600239.SH,S,2.610,100
1578,58,2025-10-13,2025-10-13 13:54:09,002392.SZ,B,9.970,500
1579,58,2025-10-13,2025-10-13 13:54:07,300043.SZ,B,6.450,300
1580,61,2025-10-13,2025-10-13 13:54:07,605138.SH,S,7.390,100
1581,58,2025-10-13,2025-10-13 13:54:05,600301.SH,S,32.210,100
1582,59,2025-10-13,2025-10-13 13:54:04,605138.SH,S,7.390,200
1583,59,2025-10-13,2025-10-13 13:54:04,600728.SH,B,6.850,1500
1584,52,2025-10-13,2025-10-13 13:50:27,600905.SH,B,4.330,100
1585,61,2025-10-13,2025-10-13 13:54:04,605138.SH,S,7.390,100
1586,52,2025-10-13,2025-10-13 13:54:02,600961.SH,S,16.830,200
1587,52,2025-10-13,2025-10-13 13:54:00,601168.SH,S,23.240,100
1588,58,2025-10-13,2025-10-13 13:53:57,300043.SZ,B,6.450,400
1589,58,2025-10-13,2025-10-13 13:53:54,300043.SZ,B,6.450,200
1590,63,2025-10-13,2025-10-13 13:53:50,000877.SZ,B,6.580,1100
1591,52,2025-10-13,2025-10-13 13:53:40,002731.SZ,S,12.720,100
1592,58,2025-10-13,2025-10-13 13:53:16,688373.SH,B,8.230,542
1593,58,2025-10-13,2025-10-13 13:53:16,688373.SH,B,8.230,438
1594,59,2025-10-13,2025-10-13 13:53:15,603365.SH,S,16.710,100
1595,58,2025-10-13,2025-10-13 13:53:13,603365.SH,S,16.710,400
1596,52,2025-10-13,2025-10-13 13:53:12,603365.SH,S,16.710,100
1597,52,2025-10-13,2025-10-13 13:51:05,601398.SH,B,7.270,100
1598,61,2025-10-13,2025-10-13 13:53:07,002400.SZ,B,8.200,400
1599,61,2025-10-13,2025-10-13 13:53:04,000803.SZ,S,6.760,100
1600,59,2025-10-13,2025-10-13 13:53:02,002426.SZ,S,3.320,100
1601,58,2025-10-13,2025-10-13 13:53:01,300582.SZ,B,16.210,100
1602,52,2025-10-13,2025-10-13 13:53:01,002400.SZ,B,8.200,100
1603,63,2025-10-13,2025-10-13 13:52:51,002276.SZ,B,18.160,200
1604,63,2025-10-13,2025-10-13 13:52:47,002245.SZ,B,18.250,500
1605,58,2025-10-13,2025-10-13 13:52:46,002123.SZ,B,12.680,400
1606,61,2025-10-13,2025-10-13 13:52:45,300382.SZ,B,15.530,200
1607,61,2025-10-13,2025-10-13 13:52:44,300382.SZ,B,15.530,100
1608,61,2025-10-13,2025-10-13 13:52:44,300382.SZ,B,15.530,100
1609,58,2025-10-13,2025-10-13 13:52:41,002940.SZ,S,38.140,100
1610,63,2025-10-13,2025-10-13 13:52:41,002272.SZ,B,16.400,300
1611,59,2025-10-13,2025-10-13 13:52:37,301217.SZ,B,29.230,300
1612,63,2025-10-13,2025-10-13 13:52:30,601899.SH,S,30.780,500
1613,61,2025-10-13,2025-10-13 13:52:28,002123.SZ,B,12.690,500
1614,61,2025-10-13,2025-10-13 13:52:28,002123.SZ,B,12.680,200
1615,61,2025-10-13,2025-10-13 13:52:28,002123.SZ,B,12.680,500
1616,59,2025-10-13,2025-10-13 13:52:23,603655.SH,S,36.870,100
1617,61,2025-10-13,2025-10-13 13:52:23,603655.SH,S,36.870,200
1618,61,2025-10-13,2025-10-13 13:52:19,000009.SZ,S,11.910,100
1619,58,2025-10-13,2025-10-13 13:52:18,002269.SZ,S,2.340,100
1620,59,2025-10-13,2025-10-13 13:52:13,002123.SZ,B,12.680,500
1621,59,2025-10-13,2025-10-13 13:52:08,601618.SH,S,3.980,200
1622,61,2025-10-13,2025-10-13 13:52:00,000813.SZ,S,4.110,100
1623,59,2025-10-13,2025-10-13 13:51:54,002731.SZ,S,12.720,100
1624,61,2025-10-13,2025-10-13 13:51:54,002731.SZ,S,12.720,300
1625,61,2025-10-13,2025-10-13 13:51:48,001203.SZ,S,12.860,100
1626,52,2025-10-13,2025-10-13 13:51:16,301217.SZ,B,29.200,200
1627,58,2025-10-13,2025-10-13 13:51:43,002054.SZ,S,6.890,100
1628,59,2025-10-13,2025-10-13 13:51:39,600638.SH,S,5.980,100
1629,58,2025-10-13,2025-10-13 13:51:34,301076.SZ,B,51.260,100
1630,58,2025-10-13,2025-10-13 13:51:32,002987.SZ,B,20.670,100
1631,61,2025-10-13,2025-10-13 13:51:21,002579.SZ,B,11.720,400
1632,61,2025-10-13,2025-10-13 13:51:18,603381.SH,B,23.190,400
1633,63,2025-10-13,2025-10-13 13:51:17,002736.SZ,B,14.010,200
1634,61,2025-10-13,2025-10-13 13:51:15,600301.SH,S,32.020,700
1635,58,2025-10-13,2025-10-13 13:51:14,002434.SZ,S,10.090,700
1636,58,2025-10-13,2025-10-13 13:51:11,300467.SZ,B,24.450,200
