,fund_id,trade_dt,trade_time,s_info_windcode,direction,price,qty
0,44,2025-10-21,2025-10-21 14:56:57,600500.SH,B,4.170,1000
1,44,2025-10-21,2025-10-21 14:56:57,603057.SH,B,18.930,200
2,44,2025-10-21,2025-10-21 14:56:57,600500.SH,B,4.170,1000
3,60,2025-10-21,2025-10-21 14:56:57,601988.SH,B,5.390,3400
4,44,2025-10-21,2025-10-21 14:56:53,002166.SZ,S,7.810,200
5,44,2025-10-21,2025-10-21 14:56:53,002480.SZ,S,6.870,600
6,44,2025-10-21,2025-10-21 14:56:53,600586.SH,S,4.920,1000
7,44,2025-10-21,2025-10-21 14:56:53,300324.SZ,S,5.920,200
8,44,2025-10-21,2025-10-21 14:56:53,300070.SZ,S,4.350,600
9,58,2025-10-21,2025-10-21 14:56:53,300324.SZ,S,5.920,700
10,44,2025-10-21,2025-10-21 14:56:53,600057.SH,S,7.460,500
11,44,2025-10-21,2025-10-21 14:56:53,601865.SH,S,16.610,300
12,44,2025-10-21,2025-10-21 14:56:53,600572.SH,S,4.460,700
13,44,2025-10-21,2025-10-21 14:56:53,000420.SZ,S,4.070,1100
14,60,2025-10-21,2025-10-21 14:56:53,600864.SH,S,7.600,3600
15,60,2025-10-21,2025-10-21 14:56:53,000420.SZ,S,4.070,600
16,60,2025-10-21,2025-10-21 14:56:50,002460.SZ,B,61.600,400
17,60,2025-10-21,2025-10-21 14:56:44,603301.SH,B,70.890,300
18,60,2025-10-21,2025-10-21 14:56:38,300251.SZ,S,16.410,464
19,60,2025-10-21,2025-10-21 14:56:38,300251.SZ,S,16.410,1136
20,44,2025-10-21,2025-10-21 14:56:37,688062.SH,B,45.600,119
21,60,2025-10-21,2025-10-21 14:56:37,600160.SH,B,36.130,200
22,44,2025-10-21,2025-10-21 14:56:36,002595.SZ,S,56.600,100
23,44,2025-10-21,2025-10-21 14:56:36,688717.SH,B,72.890,25
24,44,2025-10-21,2025-10-21 14:56:35,688062.SH,B,45.600,81
25,60,2025-10-21,2025-10-21 14:56:35,600219.SH,S,4.070,3600
26,44,2025-10-21,2025-10-21 14:56:34,688368.SH,B,103.350,200
27,44,2025-10-21,2025-10-21 14:56:34,300570.SZ,B,101.860,200
28,44,2025-10-21,2025-10-21 14:56:33,300758.SZ,B,13.740,1000
29,44,2025-10-21,2025-10-21 14:56:32,688717.SH,B,72.890,200
30,44,2025-10-21,2025-10-21 14:56:32,002067.SZ,S,6.790,1200
31,60,2025-10-21,2025-10-21 14:56:33,600183.SH,B,59.050,200
32,60,2025-10-21,2025-10-21 14:56:32,600266.SH,B,5.400,5400
33,60,2025-10-21,2025-10-21 14:56:33,601916.SH,S,3.050,1400
34,61,2025-10-21,2025-10-21 14:56:32,002813.SZ,S,28.000,200
35,44,2025-10-21,2025-10-21 14:56:30,688210.SH,S,52.130,200
36,44,2025-10-21,2025-10-21 14:56:30,000778.SZ,S,3.940,100
37,60,2025-10-21,2025-10-21 14:56:30,601136.SH,S,21.520,200
38,60,2025-10-21,2025-10-21 14:56:30,600760.SH,B,64.290,200
39,60,2025-10-21,2025-10-21 14:56:30,601136.SH,S,21.520,200
40,60,2025-10-21,2025-10-21 14:56:30,600760.SH,B,64.290,100
41,61,2025-10-21,2025-10-21 14:56:30,300827.SZ,B,30.010,100
42,60,2025-10-21,2025-10-21 14:56:30,601369.SH,S,8.470,400
43,61,2025-10-21,2025-10-21 14:56:30,600370.SH,B,2.090,100
44,61,2025-10-21,2025-10-21 14:56:30,600935.SH,S,2.650,100
45,44,2025-10-21,2025-10-21 14:56:29,688535.SH,B,104.680,200
46,44,2025-10-21,2025-10-21 14:56:29,601369.SH,S,8.470,500
47,60,2025-10-21,2025-10-21 14:56:30,600760.SH,B,64.290,100
48,60,2025-10-21,2025-10-21 14:56:30,600760.SH,B,64.290,100
49,60,2025-10-21,2025-10-21 14:56:29,601166.SH,S,20.140,437
50,60,2025-10-21,2025-10-21 14:56:29,601166.SH,S,20.140,763
51,44,2025-10-21,2025-10-21 14:56:28,688168.SH,B,79.350,200
52,44,2025-10-21,2025-10-21 14:56:28,002407.SZ,S,21.030,200
53,44,2025-10-21,2025-10-21 14:56:28,688778.SH,B,77.550,200
54,60,2025-10-21,2025-10-21 14:56:28,002384.SZ,B,68.340,300
55,60,2025-10-21,2025-10-21 14:56:28,603288.SH,S,38.960,51
56,60,2025-10-21,2025-10-21 14:56:28,603288.SH,S,38.960,49
57,44,2025-10-21,2025-10-21 14:56:27,688717.SH,B,72.890,75
58,44,2025-10-21,2025-10-21 14:56:27,603031.SH,B,37.930,100
59,44,2025-10-21,2025-10-21 14:56:27,300655.SZ,B,13.940,1300
60,60,2025-10-21,2025-10-21 14:56:28,601211.SH,S,18.730,20
61,60,2025-10-21,2025-10-21 14:56:28,601211.SH,S,18.730,280
62,60,2025-10-21,2025-10-21 14:56:28,600475.SH,B,15.760,500
63,60,2025-10-21,2025-10-21 14:56:27,601318.SH,B,58.190,600
64,60,2025-10-21,2025-10-21 14:56:27,600475.SH,B,15.760,100
65,44,2025-10-21,2025-10-21 14:56:26,000404.SZ,S,7.260,1000
66,60,2025-10-21,2025-10-21 14:56:26,600584.SH,S,40.480,200
67,60,2025-10-21,2025-10-21 14:56:26,002407.SZ,S,21.040,600
68,44,2025-10-21,2025-10-21 14:56:25,300218.SZ,B,17.470,100
69,44,2025-10-21,2025-10-21 14:56:25,300218.SZ,B,17.470,300
70,44,2025-10-21,2025-10-21 14:56:25,000762.SZ,S,23.500,200
71,44,2025-10-21,2025-10-21 14:56:25,000100.SZ,S,4.160,1500
72,44,2025-10-21,2025-10-21 14:56:25,300068.SZ,B,17.350,200
73,60,2025-10-21,2025-10-21 14:56:25,000726.SZ,S,7.470,500
74,63,2025-10-21,2025-10-21 14:56:25,003010.SZ,S,43.160,100
75,61,2025-10-21,2025-10-21 14:56:25,003010.SZ,S,43.160,100
76,60,2025-10-21,2025-10-21 14:56:25,603288.SH,S,38.960,151
77,60,2025-10-21,2025-10-21 14:56:25,600475.SH,B,15.770,600
78,60,2025-10-21,2025-10-21 14:56:25,600497.SH,S,6.730,700
79,60,2025-10-21,2025-10-21 14:56:25,603288.SH,S,38.960,300
80,60,2025-10-21,2025-10-21 14:56:25,603288.SH,S,38.960,100
81,60,2025-10-21,2025-10-21 14:56:25,603288.SH,S,38.960,49
82,60,2025-10-21,2025-10-21 14:56:25,000725.SZ,S,4.030,4600
83,60,2025-10-21,2025-10-21 14:56:25,300457.SZ,B,30.750,200
84,44,2025-10-21,2025-10-21 14:56:24,688522.SH,B,39.050,200
85,44,2025-10-21,2025-10-21 14:56:24,301551.SZ,B,35.460,100
86,44,2025-10-21,2025-10-21 14:56:24,601369.SH,S,8.470,500
87,44,2025-10-21,2025-10-21 14:56:24,300790.SZ,B,29.760,100
88,44,2025-10-21,2025-10-21 14:56:24,300790.SZ,B,29.760,200
89,44,2025-10-21,2025-10-21 14:56:24,301551.SZ,B,35.460,200
90,60,2025-10-21,2025-10-21 14:56:24,002468.SZ,S,15.620,100
91,60,2025-10-21,2025-10-21 14:56:24,002468.SZ,S,15.620,100
92,61,2025-10-21,2025-10-21 14:56:24,002484.SZ,B,30.060,200
93,60,2025-10-21,2025-10-21 14:56:24,601939.SH,B,9.290,1000
94,60,2025-10-21,2025-10-21 14:56:24,601606.SH,B,48.900,100
95,61,2025-10-21,2025-10-21 14:56:24,002484.SZ,B,30.060,100
96,60,2025-10-21,2025-10-21 14:56:25,603501.SH,S,129.800,100
97,60,2025-10-21,2025-10-21 14:56:24,002989.SZ,S,27.630,100
98,60,2025-10-21,2025-10-21 14:56:24,300457.SZ,B,30.750,1100
99,60,2025-10-21,2025-10-21 14:56:24,600733.SH,S,7.780,1200
100,44,2025-10-21,2025-10-21 14:56:23,688063.SH,B,64.680,54
101,44,2025-10-21,2025-10-21 14:56:24,688055.SH,S,3.870,700
102,44,2025-10-21,2025-10-21 14:56:24,605005.SH,S,18.300,100
103,44,2025-10-21,2025-10-21 14:56:23,300782.SZ,S,74.850,100
104,44,2025-10-21,2025-10-21 14:56:23,001337.SZ,S,28.180,100
105,44,2025-10-21,2025-10-21 14:56:23,688063.SH,B,64.680,146
106,44,2025-10-21,2025-10-21 14:56:23,001337.SZ,S,28.180,100
107,44,2025-10-21,2025-10-21 14:56:23,300068.SZ,B,17.350,600
108,60,2025-10-21,2025-10-21 14:56:23,300005.SZ,S,8.460,1400
109,60,2025-10-21,2025-10-21 14:56:23,600010.SH,B,2.680,2100
110,52,2025-10-21,2025-10-21 14:56:22,003016.SZ,S,8.500,1200
111,44,2025-10-21,2025-10-21 14:56:23,688048.SH,B,73.300,200
112,44,2025-10-21,2025-10-21 14:56:22,002812.SZ,S,40.870,100
113,44,2025-10-21,2025-10-21 14:56:22,300378.SZ,S,48.670,100
114,44,2025-10-21,2025-10-21 14:56:22,002233.SZ,B,8.970,600
115,44,2025-10-21,2025-10-21 14:56:22,000657.SZ,B,17.520,800
116,44,2025-10-21,2025-10-21 14:56:22,603508.SH,S,31.740,100
117,44,2025-10-21,2025-10-21 14:56:22,600864.SH,S,7.600,400
118,60,2025-10-21,2025-10-21 14:56:23,002415.SZ,B,32.580,1000
119,60,2025-10-21,2025-10-21 14:56:22,601006.SH,B,5.880,500
120,60,2025-10-21,2025-10-21 14:56:22,601606.SH,B,48.910,400
121,60,2025-10-21,2025-10-21 14:56:23,301325.SZ,S,55.740,100
122,60,2025-10-21,2025-10-21 14:56:22,601567.SH,B,23.810,500
123,60,2025-10-21,2025-10-21 14:56:22,601006.SH,B,5.880,800
124,60,2025-10-21,2025-10-21 14:56:22,600188.SH,S,15.010,300
125,60,2025-10-21,2025-10-21 14:56:22,601006.SH,B,5.880,1600
126,60,2025-10-21,2025-10-21 14:56:22,601006.SH,B,5.880,100
127,60,2025-10-21,2025-10-21 14:56:22,001203.SZ,S,13.780,300
128,44,2025-10-21,2025-10-21 14:56:21,002935.SZ,S,16.400,300
129,44,2025-10-21,2025-10-21 14:56:21,002460.SZ,B,61.580,100
130,44,2025-10-21,2025-10-21 14:56:21,688639.SH,B,32.330,189
131,44,2025-10-21,2025-10-21 14:56:21,002460.SZ,B,61.580,200
132,44,2025-10-21,2025-10-21 14:56:21,002063.SZ,S,6.370,800
133,44,2025-10-21,2025-10-21 14:56:21,300507.SZ,S,9.930,300
134,44,2025-10-21,2025-10-21 14:56:21,300507.SZ,S,9.930,400
135,44,2025-10-21,2025-10-21 14:56:21,688363.SH,S,53.380,200
136,44,2025-10-21,2025-10-21 14:56:21,600330.SH,S,10.410,200
137,44,2025-10-21,2025-10-21 14:56:21,688639.SH,B,32.330,11
138,44,2025-10-21,2025-10-21 14:56:21,000050.SZ,S,9.310,600
139,44,2025-10-21,2025-10-21 14:56:21,000777.SZ,S,20.600,100
140,44,2025-10-21,2025-10-21 14:56:21,600330.SH,S,10.410,200
141,44,2025-10-21,2025-10-21 14:56:21,002268.SZ,S,17.160,200
142,44,2025-10-21,2025-10-21 14:56:21,002416.SZ,S,12.610,300
143,44,2025-10-21,2025-10-21 14:56:21,000777.SZ,S,20.600,100
144,60,2025-10-21,2025-10-21 14:56:22,002074.SZ,S,42.140,200
145,60,2025-10-21,2025-10-21 14:56:21,600703.SH,S,14.360,400
146,60,2025-10-21,2025-10-21 14:56:21,600131.SH,S,17.830,200
147,60,2025-10-21,2025-10-21 14:56:22,300769.SZ,S,40.380,600
148,60,2025-10-21,2025-10-21 14:56:21,600522.SH,S,17.760,300
149,60,2025-10-21,2025-10-21 14:56:21,601728.SH,S,6.830,1600
150,60,2025-10-21,2025-10-21 14:56:21,002989.SZ,S,27.630,100
151,60,2025-10-21,2025-10-21 14:56:21,600522.SH,S,17.760,200
152,60,2025-10-21,2025-10-21 14:56:21,601857.SH,B,8.770,100
153,60,2025-10-21,2025-10-21 14:56:21,601899.SH,S,30.070,100
154,60,2025-10-21,2025-10-21 14:56:21,601857.SH,B,8.770,400
155,60,2025-10-21,2025-10-21 14:56:22,002475.SZ,B,61.140,200
156,60,2025-10-21,2025-10-21 14:56:21,600522.SH,S,17.760,100
157,60,2025-10-21,2025-10-21 14:56:21,601899.SH,S,30.070,900
158,60,2025-10-21,2025-10-21 14:56:22,002475.SZ,B,61.130,200
159,61,2025-10-21,2025-10-21 14:56:21,600481.SH,S,6.610,800
160,60,2025-10-21,2025-10-21 14:56:21,601857.SH,B,8.770,1000
161,60,2025-10-21,2025-10-21 14:56:21,002625.SZ,S,46.760,100
162,60,2025-10-21,2025-10-21 14:56:21,601857.SH,B,8.770,3300
163,63,2025-10-21,2025-10-21 14:56:21,600712.SH,S,7.000,800
164,61,2025-10-21,2025-10-21 14:56:21,000957.SZ,S,12.450,100
165,60,2025-10-21,2025-10-21 14:56:21,601939.SH,B,9.290,1400
166,61,2025-10-21,2025-10-21 14:56:21,000957.SZ,S,12.450,400
167,60,2025-10-21,2025-10-21 14:56:21,601857.SH,B,8.770,500
168,60,2025-10-21,2025-10-21 14:56:21,000983.SZ,S,7.440,600
169,60,2025-10-21,2025-10-21 14:56:21,600522.SH,S,17.760,400
170,60,2025-10-21,2025-10-21 14:56:21,002935.SZ,S,16.400,400
171,61,2025-10-21,2025-10-21 14:56:21,300229.SZ,B,19.740,1300
172,44,2025-10-21,2025-10-21 14:56:21,603992.SH,S,27.830,100
173,58,2025-10-21,2025-10-21 14:56:20,688472.SH,B,12.040,707
174,44,2025-10-21,2025-10-21 14:56:20,688306.SH,S,12.720,400
175,44,2025-10-21,2025-10-21 14:56:20,601106.SH,S,3.290,700
176,44,2025-10-21,2025-10-21 14:56:20,601929.SH,B,3.650,2100
177,44,2025-10-21,2025-10-21 14:56:21,688700.SH,B,36.350,300
178,44,2025-10-21,2025-10-21 14:56:20,688598.SH,B,31.780,400
179,44,2025-10-21,2025-10-21 14:56:20,300696.SZ,B,25.400,200
180,44,2025-10-21,2025-10-21 14:56:20,600011.SH,B,7.500,600
181,44,2025-10-21,2025-10-21 14:56:20,601929.SH,B,3.650,300
182,44,2025-10-21,2025-10-21 14:56:20,600406.SH,S,23.430,166
183,44,2025-10-21,2025-10-21 14:56:20,603529.SH,S,32.300,200
184,44,2025-10-21,2025-10-21 14:56:20,600406.SH,S,23.430,34
185,44,2025-10-21,2025-10-21 14:56:20,605020.SH,S,27.920,200
186,44,2025-10-21,2025-10-21 14:56:20,600219.SH,S,4.060,1100
187,44,2025-10-21,2025-10-21 14:56:20,002139.SZ,S,14.160,300
188,60,2025-10-21,2025-10-21 14:56:21,688005.SH,B,26.250,190
189,60,2025-10-21,2025-10-21 14:56:20,600795.SH,B,5.110,100
190,60,2025-10-21,2025-10-21 14:56:21,688005.SH,B,26.250,310
191,60,2025-10-21,2025-10-21 14:56:20,600795.SH,B,5.110,100
192,60,2025-10-21,2025-10-21 14:56:20,600906.SH,S,7.270,800
193,60,2025-10-21,2025-10-21 14:56:20,600795.SH,B,5.110,100
194,63,2025-10-21,2025-10-21 14:56:20,603353.SH,S,18.030,400
195,60,2025-10-21,2025-10-21 14:56:20,600795.SH,B,5.110,100
196,60,2025-10-21,2025-10-21 14:56:20,000157.SZ,S,8.130,800
197,60,2025-10-21,2025-10-21 14:56:20,600795.SH,B,5.110,2200
198,60,2025-10-21,2025-10-21 14:56:20,300761.SZ,S,22.230,200
199,60,2025-10-21,2025-10-21 14:56:20,688303.SH,S,27.410,100
200,60,2025-10-21,2025-10-21 14:56:21,000338.SZ,S,14.580,600
201,60,2025-10-21,2025-10-21 14:56:20,600048.SH,S,7.720,700
202,60,2025-10-21,2025-10-21 14:56:20,600642.SH,B,8.100,1700
203,60,2025-10-21,2025-10-21 14:56:20,603228.SH,S,61.930,100
204,60,2025-10-21,2025-10-21 14:56:20,600111.SH,S,52.330,100
205,60,2025-10-21,2025-10-21 14:56:20,688303.SH,S,27.410,200
206,60,2025-10-21,2025-10-21 14:56:20,002292.SZ,S,8.410,185
207,60,2025-10-21,2025-10-21 14:56:20,601766.SH,S,7.940,800
208,60,2025-10-21,2025-10-21 14:56:20,300761.SZ,S,22.230,100
209,60,2025-10-21,2025-10-21 14:56:20,603456.SH,S,19.290,300
210,60,2025-10-21,2025-10-21 14:56:20,002292.SZ,S,8.410,1200
211,60,2025-10-21,2025-10-21 14:56:20,601222.SH,S,6.010,700
212,60,2025-10-21,2025-10-21 14:56:20,002353.SZ,B,52.710,100
213,60,2025-10-21,2025-10-21 14:56:20,002292.SZ,S,8.410,115
214,60,2025-10-21,2025-10-21 14:56:20,002283.SZ,S,6.350,800
215,52,2025-10-21,2025-10-21 14:56:20,601618.SH,S,3.710,500
216,44,2025-10-21,2025-10-21 14:56:19,688383.SH,B,61.760,136
217,44,2025-10-21,2025-10-21 14:56:19,600459.SH,S,16.180,300
218,58,2025-10-21,2025-10-21 14:56:19,603917.SH,S,15.360,300
219,44,2025-10-21,2025-10-21 14:56:19,688567.SH,B,17.200,142
220,44,2025-10-21,2025-10-21 14:56:19,688383.SH,B,61.750,64
221,44,2025-10-21,2025-10-21 14:56:19,002233.SZ,B,8.970,600
222,44,2025-10-21,2025-10-21 14:56:19,300459.SZ,B,4.540,300
223,44,2025-10-21,2025-10-21 14:56:19,301486.SZ,B,84.150,100
224,44,2025-10-21,2025-10-21 14:56:19,600707.SH,S,5.860,1100
225,44,2025-10-21,2025-10-21 14:56:19,300696.SZ,B,25.400,200
226,60,2025-10-21,2025-10-21 14:56:20,300709.SZ,B,46.370,100
227,60,2025-10-21,2025-10-21 14:56:20,601567.SH,B,23.810,200
228,60,2025-10-21,2025-10-21 14:56:20,601567.SH,B,23.810,100
229,60,2025-10-21,2025-10-21 14:56:20,000959.SZ,B,4.140,100
230,60,2025-10-21,2025-10-21 14:56:19,601567.SH,B,23.810,200
231,60,2025-10-21,2025-10-21 14:56:20,300378.SZ,S,48.670,100
232,60,2025-10-21,2025-10-21 14:56:19,688303.SH,S,27.410,200
233,60,2025-10-21,2025-10-21 14:56:20,002938.SZ,B,51.860,100
234,60,2025-10-21,2025-10-21 14:56:20,000959.SZ,B,4.140,500
235,60,2025-10-21,2025-10-21 14:56:19,601567.SH,B,23.810,100
236,60,2025-10-21,2025-10-21 14:56:19,600010.SH,B,2.680,5600
237,60,2025-10-21,2025-10-21 14:56:19,601865.SH,S,16.610,700
238,60,2025-10-21,2025-10-21 14:56:19,000030.SZ,S,5.500,100
239,60,2025-10-21,2025-10-21 14:56:19,000030.SZ,S,5.510,200
240,60,2025-10-21,2025-10-21 14:56:19,300709.SZ,B,46.370,200
241,44,2025-10-21,2025-10-21 14:56:18,601619.SH,B,4.570,300
242,44,2025-10-21,2025-10-21 14:56:18,601619.SH,B,4.570,200
243,44,2025-10-21,2025-10-21 14:56:18,605166.SH,S,10.980,300
244,44,2025-10-21,2025-10-21 14:56:18,601619.SH,B,4.570,5800
245,44,2025-10-21,2025-10-21 14:56:18,600351.SH,B,6.850,700
246,44,2025-10-21,2025-10-21 14:56:18,600011.SH,B,7.500,600
247,60,2025-10-21,2025-10-21 14:56:19,000959.SZ,B,4.140,200
248,60,2025-10-21,2025-10-21 14:56:19,000959.SZ,B,4.140,100
249,60,2025-10-21,2025-10-21 14:56:19,601985.SH,S,9.060,200
250,60,2025-10-21,2025-10-21 14:56:19,601985.SH,S,9.060,500
251,60,2025-10-21,2025-10-21 14:56:18,000959.SZ,B,4.140,300
252,60,2025-10-21,2025-10-21 14:56:19,002050.SZ,S,46.910,200
253,60,2025-10-21,2025-10-21 14:56:18,002258.SZ,B,12.170,200
254,60,2025-10-21,2025-10-21 14:56:18,000959.SZ,B,4.140,600
255,60,2025-10-21,2025-10-21 14:56:19,002989.SZ,S,27.630,100
256,60,2025-10-21,2025-10-21 14:56:18,002015.SZ,B,11.060,600
257,60,2025-10-21,2025-10-21 14:56:18,688005.SH,B,26.250,190
258,60,2025-10-21,2025-10-21 14:56:18,301165.SZ,S,85.700,100
259,60,2025-10-21,2025-10-21 14:56:18,000959.SZ,B,4.140,1000
260,60,2025-10-21,2025-10-21 14:56:18,688005.SH,B,26.250,10
261,61,2025-10-21,2025-10-21 14:56:18,600868.SH,S,3.120,5919
262,61,2025-10-21,2025-10-21 14:56:18,600868.SH,S,3.120,4181
263,63,2025-10-21,2025-10-21 14:56:18,600868.SH,S,3.120,4100
264,60,2025-10-21,2025-10-21 14:56:18,300364.SZ,S,25.290,300
265,59,2025-10-21,2025-10-21 14:56:18,600868.SH,S,3.120,3319
266,59,2025-10-21,2025-10-21 14:56:18,600868.SH,S,3.120,581
267,44,2025-10-21,2025-10-21 14:56:17,600894.SH,S,10.040,500
268,44,2025-10-21,2025-10-21 14:56:17,301606.SZ,B,60.100,100
269,44,2025-10-21,2025-10-21 14:56:18,688234.SH,B,72.470,41
270,44,2025-10-21,2025-10-21 14:56:17,688598.SH,B,31.780,200
271,58,2025-10-21,2025-10-21 14:56:17,688472.SH,B,12.040,400
272,44,2025-10-21,2025-10-21 14:56:17,300346.SZ,S,38.600,100
273,44,2025-10-21,2025-10-21 14:56:17,301007.SZ,B,39.980,100
274,44,2025-10-21,2025-10-21 14:56:17,603098.SH,B,14.350,400
275,44,2025-10-21,2025-10-21 14:56:17,301177.SZ,B,33.010,100
276,44,2025-10-21,2025-10-21 14:56:17,300870.SZ,B,191.730,100
277,60,2025-10-21,2025-10-21 14:56:17,601727.SH,B,9.270,200
278,60,2025-10-21,2025-10-21 14:56:17,601727.SH,B,9.270,400
279,60,2025-10-21,2025-10-21 14:56:17,601727.SH,B,9.270,800
280,60,2025-10-21,2025-10-21 14:56:17,601727.SH,B,9.270,800
281,60,2025-10-21,2025-10-21 14:56:17,601727.SH,B,9.270,100
282,60,2025-10-21,2025-10-21 14:56:17,601727.SH,B,9.270,2000
283,60,2025-10-21,2025-10-21 14:56:17,600150.SH,B,36.300,200
284,60,2025-10-21,2025-10-21 14:56:18,000959.SZ,B,4.140,500
285,60,2025-10-21,2025-10-21 14:56:18,000959.SZ,B,4.140,300
286,60,2025-10-21,2025-10-21 14:56:17,002989.SZ,S,27.630,200
287,60,2025-10-21,2025-10-21 14:56:17,600150.SH,B,36.300,300
288,44,2025-10-21,2025-10-21 14:56:16,600633.SH,B,13.510,300
289,58,2025-10-21,2025-10-21 14:56:16,000957.SZ,S,12.450,600
290,44,2025-10-21,2025-10-21 14:56:16,600236.SH,S,7.370,900
291,44,2025-10-21,2025-10-21 14:56:16,688567.SH,B,17.210,300
292,44,2025-10-21,2025-10-21 14:56:16,605300.SH,B,11.680,600
293,44,2025-10-21,2025-10-21 14:56:17,301160.SZ,S,59.410,200
294,58,2025-10-21,2025-10-21 14:56:16,002733.SZ,B,20.340,200
295,44,2025-10-21,2025-10-21 14:56:16,000050.SZ,S,9.310,700
296,58,2025-10-21,2025-10-21 14:56:16,300229.SZ,B,19.740,700
297,44,2025-10-21,2025-10-21 14:56:16,002491.SZ,B,5.180,800
298,44,2025-10-21,2025-10-21 14:56:16,000959.SZ,B,4.150,400
299,60,2025-10-21,2025-10-21 14:56:16,600905.SH,B,4.300,6000
300,60,2025-10-21,2025-10-21 14:56:16,600143.SH,B,19.620,200
301,60,2025-10-21,2025-10-21 14:56:17,600183.SH,B,58.950,300
302,60,2025-10-21,2025-10-21 14:56:16,600143.SH,B,19.620,1200
303,60,2025-10-21,2025-10-21 14:56:16,003816.SZ,B,4.030,10500
304,60,2025-10-21,2025-10-21 14:56:16,600016.SH,S,4.020,3100
305,59,2025-10-21,2025-10-21 14:56:15,603353.SH,S,18.020,100
306,59,2025-10-21,2025-10-21 14:56:15,300389.SZ,S,19.160,400
307,59,2025-10-21,2025-10-21 14:56:15,002813.SZ,S,27.990,100
308,44,2025-10-21,2025-10-21 14:56:15,688120.SH,S,142.990,183
309,44,2025-10-21,2025-10-21 14:56:15,688120.SH,S,142.990,17
310,44,2025-10-21,2025-10-21 14:56:15,600765.SH,S,15.910,100
311,44,2025-10-21,2025-10-21 14:56:15,688567.SH,B,17.200,58
312,44,2025-10-21,2025-10-21 14:56:15,600694.SH,S,17.800,100
313,44,2025-10-21,2025-10-21 14:56:15,688135.SH,S,31.340,200
314,44,2025-10-21,2025-10-21 14:56:15,603355.SH,S,22.030,300
315,44,2025-10-21,2025-10-21 14:56:15,300747.SZ,S,25.760,100
316,44,2025-10-21,2025-10-21 14:56:15,300457.SZ,B,30.750,100
317,44,2025-10-21,2025-10-21 14:56:15,600305.SH,S,8.030,100
318,44,2025-10-21,2025-10-21 14:56:15,300568.SZ,S,12.800,400
319,44,2025-10-21,2025-10-21 14:56:15,600814.SH,S,7.470,100
320,44,2025-10-21,2025-10-21 14:56:15,603121.SH,S,16.190,200
321,44,2025-10-21,2025-10-21 14:56:15,600814.SH,S,7.470,200
322,44,2025-10-21,2025-10-21 14:56:15,002895.SZ,S,28.730,100
323,44,2025-10-21,2025-10-21 14:56:15,001391.SZ,S,6.530,300
324,44,2025-10-21,2025-10-21 14:56:15,600814.SH,S,7.470,200
325,44,2025-10-21,2025-10-21 14:56:15,603565.SH,S,10.980,500
326,44,2025-10-21,2025-10-21 14:56:15,600814.SH,S,7.470,100
327,44,2025-10-21,2025-10-21 14:56:15,002867.SZ,S,13.670,400
328,44,2025-10-21,2025-10-21 14:56:15,002413.SZ,S,5.440,100
329,44,2025-10-21,2025-10-21 14:56:15,601330.SH,S,7.160,100
330,44,2025-10-21,2025-10-21 14:56:15,600189.SH,S,7.070,400
331,44,2025-10-21,2025-10-21 14:56:15,603738.SH,S,14.800,100
332,44,2025-10-21,2025-10-21 14:56:15,000541.SZ,S,6.310,500
333,44,2025-10-21,2025-10-21 14:56:15,603738.SH,S,14.800,100
334,44,2025-10-21,2025-10-21 14:56:15,688306.SH,S,12.720,400
335,44,2025-10-21,2025-10-21 14:56:15,603738.SH,S,14.800,100
336,44,2025-10-21,2025-10-21 14:56:15,002497.SZ,S,16.110,100
337,44,2025-10-21,2025-10-21 14:56:15,601827.SH,S,8.290,100
338,44,2025-10-21,2025-10-21 14:56:15,605179.SH,S,20.970,200
339,44,2025-10-21,2025-10-21 14:56:15,600814.SH,S,7.470,300
340,44,2025-10-21,2025-10-21 14:56:15,000683.SZ,S,6.170,100
341,44,2025-10-21,2025-10-21 14:56:15,002935.SZ,S,16.390,400
342,44,2025-10-21,2025-10-21 14:56:15,300568.SZ,S,12.800,100
343,44,2025-10-21,2025-10-21 14:56:15,300568.SZ,S,12.800,100
344,58,2025-10-21,2025-10-21 14:56:15,301010.SZ,S,20.910,100
345,44,2025-10-21,2025-10-21 14:56:15,301107.SZ,S,28.990,100
346,44,2025-10-21,2025-10-21 14:56:15,300192.SZ,S,17.680,400
347,44,2025-10-21,2025-10-21 14:56:15,300800.SZ,S,11.910,400
348,44,2025-10-21,2025-10-21 14:56:15,601929.SH,B,3.650,2500
349,58,2025-10-21,2025-10-21 14:56:15,002295.SZ,S,13.250,100
350,44,2025-10-21,2025-10-21 14:56:15,300320.SZ,S,9.910,100
351,44,2025-10-21,2025-10-21 14:56:15,003013.SZ,S,16.030,100
352,44,2025-10-21,2025-10-21 14:56:15,605020.SH,S,27.920,200
353,44,2025-10-21,2025-10-21 14:56:15,300294.SZ,S,24.600,100
354,44,2025-10-21,2025-10-21 14:56:15,300378.SZ,S,48.670,200
355,44,2025-10-21,2025-10-21 14:56:15,603063.SH,S,32.070,100
356,44,2025-10-21,2025-10-21 14:56:15,000912.SZ,S,4.350,100
357,44,2025-10-21,2025-10-21 14:56:15,002698.SZ,S,16.260,400
358,44,2025-10-21,2025-10-21 14:56:15,002026.SZ,S,15.180,400
359,44,2025-10-21,2025-10-21 14:56:15,603529.SH,S,32.300,200
360,44,2025-10-21,2025-10-21 14:56:15,603606.SH,S,65.340,100
361,44,2025-10-21,2025-10-21 14:56:15,300229.SZ,S,19.730,100
362,58,2025-10-21,2025-10-21 14:56:15,300229.SZ,B,19.740,800
363,44,2025-10-21,2025-10-21 14:56:15,603125.SH,S,16.690,200
364,44,2025-10-21,2025-10-21 14:56:15,603663.SH,S,25.080,100
365,44,2025-10-21,2025-10-21 14:56:15,603737.SH,S,46.550,100
366,44,2025-10-21,2025-10-21 14:56:15,002372.SZ,S,10.070,700
367,44,2025-10-21,2025-10-21 14:56:15,600330.SH,S,10.410,500
368,44,2025-10-21,2025-10-21 14:56:15,600219.SH,S,4.060,1100
369,44,2025-10-21,2025-10-21 14:56:15,300168.SZ,S,6.820,200
370,44,2025-10-21,2025-10-21 14:56:15,002906.SZ,S,30.480,100
371,44,2025-10-21,2025-10-21 14:56:15,000401.SZ,S,5.040,300
372,44,2025-10-21,2025-10-21 14:56:15,002979.SZ,S,42.870,100
373,44,2025-10-21,2025-10-21 14:56:15,301260.SZ,S,19.360,100
374,44,2025-10-21,2025-10-21 14:56:15,002268.SZ,S,17.160,300
375,44,2025-10-21,2025-10-21 14:56:15,300168.SZ,S,6.820,300
376,44,2025-10-21,2025-10-21 14:56:15,300525.SZ,S,13.430,100
377,44,2025-10-21,2025-10-21 14:56:15,002416.SZ,S,12.610,400
378,44,2025-10-21,2025-10-21 14:56:15,002139.SZ,S,14.150,300
379,44,2025-10-21,2025-10-21 14:56:15,300168.SZ,S,6.820,500
380,44,2025-10-21,2025-10-21 14:56:15,002327.SZ,S,7.170,100
381,44,2025-10-21,2025-10-21 14:56:15,300289.SZ,S,7.690,300
382,44,2025-10-21,2025-10-21 14:56:15,002624.SZ,S,17.140,100
383,44,2025-10-21,2025-10-21 14:56:15,002103.SZ,S,9.240,100
384,44,2025-10-21,2025-10-21 14:56:15,000777.SZ,S,20.600,300
385,60,2025-10-21,2025-10-21 14:56:15,600893.SH,S,40.100,100
386,60,2025-10-21,2025-10-21 14:56:15,300072.SZ,S,3.970,40
387,60,2025-10-21,2025-10-21 14:56:15,300072.SZ,S,3.970,700
388,60,2025-10-21,2025-10-21 14:56:15,300072.SZ,S,3.970,360
389,60,2025-10-21,2025-10-21 14:56:15,601857.SH,B,8.770,200
390,60,2025-10-21,2025-10-21 14:56:15,002015.SZ,B,11.060,100
391,60,2025-10-21,2025-10-21 14:56:15,002015.SZ,B,11.060,100
392,60,2025-10-21,2025-10-21 14:56:15,601857.SH,B,8.770,100
393,60,2025-10-21,2025-10-21 14:56:15,002015.SZ,B,11.060,100
394,60,2025-10-21,2025-10-21 14:56:15,601857.SH,B,8.770,5100
395,60,2025-10-21,2025-10-21 14:56:15,002015.SZ,B,11.060,300
396,60,2025-10-21,2025-10-21 14:56:15,601222.SH,S,6.010,700
397,60,2025-10-21,2025-10-21 14:56:15,000157.SZ,S,8.130,900
398,60,2025-10-21,2025-10-21 14:56:15,300763.SZ,S,77.320,200
399,60,2025-10-21,2025-10-21 14:56:15,600027.SH,S,5.260,300
400,60,2025-10-21,2025-10-21 14:56:15,600027.SH,S,5.260,100
401,59,2025-10-21,2025-10-21 14:56:15,003010.SZ,S,43.160,100
402,60,2025-10-21,2025-10-21 14:56:14,600095.SH,B,12.390,2000
403,60,2025-10-21,2025-10-21 14:56:14,600809.SH,S,189.730,100
404,60,2025-10-21,2025-10-21 14:56:14,600795.SH,B,5.120,2000
405,60,2025-10-21,2025-10-21 14:56:14,600795.SH,B,5.110,700
406,61,2025-10-21,2025-10-21 14:56:14,002813.SZ,S,27.990,200
407,60,2025-10-21,2025-10-21 14:56:14,600292.SH,S,12.090,200
408,60,2025-10-21,2025-10-21 14:56:14,603659.SH,S,26.480,200
409,60,2025-10-21,2025-10-21 14:56:14,603357.SH,S,8.550,72
410,60,2025-10-21,2025-10-21 14:56:14,603357.SH,S,8.550,28
411,60,2025-10-21,2025-10-21 14:56:14,600887.SH,S,27.430,200
412,60,2025-10-21,2025-10-21 14:56:15,603444.SH,B,461.030,100
413,60,2025-10-21,2025-10-21 14:56:14,601069.SH,S,30.010,100
414,60,2025-10-21,2025-10-21 14:56:14,603228.SH,S,61.910,100
415,60,2025-10-21,2025-10-21 14:56:15,600372.SH,S,12.220,300
416,61,2025-10-21,2025-10-21 14:56:14,600834.SH,S,9.160,200
417,60,2025-10-21,2025-10-21 14:56:14,600642.SH,B,8.100,100
418,60,2025-10-21,2025-10-21 14:56:14,600642.SH,B,8.100,800
419,60,2025-10-21,2025-10-21 14:56:14,600642.SH,B,8.100,200
420,61,2025-10-21,2025-10-21 14:56:14,603353.SH,S,18.020,300
421,60,2025-10-21,2025-10-21 14:56:14,603456.SH,S,19.290,300
422,60,2025-10-21,2025-10-21 14:56:14,601816.SH,B,5.200,4500
423,60,2025-10-21,2025-10-21 14:56:14,600642.SH,B,8.100,400
424,60,2025-10-21,2025-10-21 14:56:15,601200.SH,S,8.270,400
425,60,2025-10-21,2025-10-21 14:56:14,600642.SH,B,8.100,300
426,60,2025-10-21,2025-10-21 14:56:14,600131.SH,S,17.830,300
427,60,2025-10-21,2025-10-21 14:56:14,603486.SH,S,90.800,100
428,60,2025-10-21,2025-10-21 14:56:14,600095.SH,B,12.390,1000
429,60,2025-10-21,2025-10-21 14:56:14,002625.SZ,S,46.750,200
430,60,2025-10-21,2025-10-21 14:56:14,002292.SZ,S,8.410,1500
431,60,2025-10-21,2025-10-21 14:56:14,600095.SH,B,12.390,300
432,63,2025-10-21,2025-10-21 14:56:14,603353.SH,S,18.020,500
433,60,2025-10-21,2025-10-21 14:56:14,603737.SH,S,46.550,100
434,60,2025-10-21,2025-10-21 14:56:14,600906.SH,S,7.270,900
435,60,2025-10-21,2025-10-21 14:56:14,601766.SH,S,7.940,800
436,60,2025-10-21,2025-10-21 14:56:14,601928.SH,S,10.600,100
437,60,2025-10-21,2025-10-21 14:56:14,600987.SH,S,7.250,100
438,60,2025-10-21,2025-10-21 14:56:14,600768.SH,S,12.760,100
439,60,2025-10-21,2025-10-21 14:56:14,600782.SH,S,4.060,800
440,60,2025-10-21,2025-10-21 14:56:14,000096.SZ,S,11.450,100
441,60,2025-10-21,2025-10-21 14:56:14,605168.SH,S,29.900,100
442,60,2025-10-21,2025-10-21 14:56:14,002327.SZ,S,7.170,100
443,60,2025-10-21,2025-10-21 14:56:14,300761.SZ,S,22.230,300
444,60,2025-10-21,2025-10-21 14:56:14,605168.SH,S,29.900,200
445,61,2025-10-21,2025-10-21 14:56:14,002390.SZ,S,3.850,200
446,60,2025-10-21,2025-10-21 14:56:14,600048.SH,S,7.720,800
447,61,2025-10-21,2025-10-21 14:56:14,003010.SZ,S,43.160,100
448,63,2025-10-21,2025-10-21 14:56:14,003010.SZ,S,43.160,100
449,60,2025-10-21,2025-10-21 14:56:14,002283.SZ,S,6.350,200
450,60,2025-10-21,2025-10-21 14:56:14,002283.SZ,S,6.350,200
451,60,2025-10-21,2025-10-21 14:56:14,002283.SZ,S,6.350,300
452,60,2025-10-21,2025-10-21 14:56:14,002283.SZ,S,6.350,200
453,60,2025-10-21,2025-10-21 14:56:14,002345.SZ,S,14.160,100
454,61,2025-10-21,2025-10-21 14:56:14,300468.SZ,B,37.930,100
455,60,2025-10-21,2025-10-21 14:56:14,002263.SZ,B,3.640,500
456,61,2025-10-21,2025-10-21 14:56:14,300933.SZ,S,9.940,300
457,61,2025-10-21,2025-10-21 14:56:14,300933.SZ,S,9.940,100
458,60,2025-10-21,2025-10-21 14:56:14,601901.SH,S,8.170,800
459,60,2025-10-21,2025-10-21 14:56:14,002884.SZ,S,17.080,400
460,60,2025-10-21,2025-10-21 14:56:14,002989.SZ,S,27.630,200
461,61,2025-10-21,2025-10-21 14:56:14,300933.SZ,S,9.940,100
462,58,2025-10-21,2025-10-21 14:56:14,000558.SZ,B,5.470,200
463,44,2025-10-21,2025-10-21 14:56:14,002036.SZ,B,10.120,400
464,44,2025-10-21,2025-10-21 14:56:14,603508.SH,S,31.740,200
465,44,2025-10-21,2025-10-21 14:56:14,603098.SH,B,14.350,400
466,58,2025-10-21,2025-10-21 14:56:14,003016.SZ,S,8.500,400
467,44,2025-10-21,2025-10-21 14:56:14,605068.SH,B,25.770,200
468,44,2025-10-21,2025-10-21 14:56:14,000503.SZ,S,9.910,300
469,58,2025-10-21,2025-10-21 14:56:14,003016.SZ,S,8.500,3700
470,44,2025-10-21,2025-10-21 14:56:14,600520.SH,S,27.330,100
471,44,2025-10-21,2025-10-21 14:56:14,600284.SH,B,8.400,700
472,44,2025-10-21,2025-10-21 14:56:14,605068.SH,B,25.770,100
473,44,2025-10-21,2025-10-21 14:56:14,301177.SZ,B,33.010,200
474,60,2025-10-21,2025-10-21 14:56:13,002812.SZ,S,40.870,300
475,60,2025-10-21,2025-10-21 14:56:13,002812.SZ,S,40.870,300
476,60,2025-10-21,2025-10-21 14:56:14,601319.SH,S,8.640,200
477,60,2025-10-21,2025-10-21 14:56:14,600309.SH,S,61.170,100
478,60,2025-10-21,2025-10-21 14:56:14,601319.SH,S,8.640,400
479,60,2025-10-21,2025-10-21 14:56:14,300827.SZ,B,30.000,100
480,60,2025-10-21,2025-10-21 14:56:14,600438.SH,S,23.060,500
481,60,2025-10-21,2025-10-21 14:56:13,002989.SZ,S,27.630,100
482,60,2025-10-21,2025-10-21 14:56:13,600989.SH,S,16.800,200
483,60,2025-10-21,2025-10-21 14:56:13,601633.SH,S,23.150,100
484,60,2025-10-21,2025-10-21 14:56:13,300709.SZ,B,46.380,100
485,60,2025-10-21,2025-10-21 14:56:13,300709.SZ,B,46.380,200
486,60,2025-10-21,2025-10-21 14:56:13,601865.SH,S,16.610,700
487,61,2025-10-21,2025-10-21 14:56:13,300827.SZ,B,30.000,200
488,60,2025-10-21,2025-10-21 14:56:13,300827.SZ,B,30.000,200
489,44,2025-10-21,2025-10-21 14:56:13,600926.SH,B,16.390,700
490,44,2025-10-21,2025-10-21 14:56:14,600635.SH,S,7.100,1200
491,44,2025-10-21,2025-10-21 14:56:13,603056.SH,B,15.300,300
492,44,2025-10-21,2025-10-21 14:56:13,300827.SZ,S,30.000,200
493,44,2025-10-21,2025-10-21 14:56:13,603992.SH,S,27.830,200
494,44,2025-10-21,2025-10-21 14:56:13,002158.SZ,B,25.520,200
495,44,2025-10-21,2025-10-21 14:56:13,300360.SZ,S,15.760,400
496,44,2025-10-21,2025-10-21 14:56:13,300569.SZ,B,6.490,1100
497,52,2025-10-21,2025-10-21 14:56:13,301607.SZ,B,44.350,100
498,60,2025-10-21,2025-10-21 14:56:12,601012.SH,S,18.990,200
499,60,2025-10-21,2025-10-21 14:56:12,600030.SH,S,29.290,200
500,60,2025-10-21,2025-10-21 14:56:12,300827.SZ,B,30.010,100
501,60,2025-10-21,2025-10-21 14:56:12,600958.SH,S,11.200,400
502,60,2025-10-21,2025-10-21 14:56:12,300827.SZ,B,30.010,200
503,60,2025-10-21,2025-10-21 14:56:12,300827.SZ,B,30.010,100
504,60,2025-10-21,2025-10-21 14:56:12,002311.SZ,S,59.020,100
505,44,2025-10-21,2025-10-21 14:56:12,300607.SZ,B,31.810,100
506,44,2025-10-21,2025-10-21 14:56:12,300607.SZ,B,31.810,100
507,44,2025-10-21,2025-10-21 14:56:12,300607.SZ,B,31.810,100
508,44,2025-10-21,2025-10-21 14:56:12,300607.SZ,B,31.810,100
509,60,2025-10-21,2025-10-21 14:56:11,603019.SH,B,108.210,100
510,60,2025-10-21,2025-10-21 14:56:11,000100.SZ,S,4.160,4800
511,44,2025-10-21,2025-10-21 14:56:11,688428.SH,B,23.870,100
512,44,2025-10-21,2025-10-21 14:56:11,603701.SH,S,19.890,100
513,44,2025-10-21,2025-10-21 14:56:11,688428.SH,B,23.860,200
514,44,2025-10-21,2025-10-21 14:56:11,002367.SZ,S,6.750,100
515,44,2025-10-21,2025-10-21 14:56:11,600935.SH,S,2.650,500
516,44,2025-10-21,2025-10-21 14:56:11,688428.SH,B,23.860,200
517,58,2025-10-21,2025-10-21 14:56:11,003010.SZ,S,43.160,200
518,44,2025-10-21,2025-10-21 14:56:11,688508.SH,B,64.430,200
519,44,2025-10-21,2025-10-21 14:56:11,000028.SZ,S,25.370,100
520,60,2025-10-21,2025-10-21 14:56:11,605117.SH,S,74.340,100
521,60,2025-10-21,2025-10-21 14:56:10,002965.SZ,B,39.450,100
522,60,2025-10-21,2025-10-21 14:56:10,301536.SZ,S,57.930,100
523,44,2025-10-21,2025-10-21 14:56:10,600770.SH,S,5.620,400
524,44,2025-10-21,2025-10-21 14:56:10,600770.SH,S,5.620,500
525,44,2025-10-21,2025-10-21 14:56:10,688262.SH,S,29.150,200
526,44,2025-10-21,2025-10-21 14:56:10,600770.SH,S,5.620,500
527,44,2025-10-21,2025-10-21 14:56:10,688289.SH,S,20.320,100
528,44,2025-10-21,2025-10-21 14:56:10,002749.SZ,S,14.870,100
529,44,2025-10-21,2025-10-21 14:56:10,002158.SZ,B,25.520,300
530,44,2025-10-21,2025-10-21 14:56:10,603056.SH,B,15.300,300
531,44,2025-10-21,2025-10-21 14:56:10,600770.SH,S,5.620,200
532,44,2025-10-21,2025-10-21 14:56:10,301015.SZ,B,25.630,200
533,58,2025-10-21,2025-10-21 14:56:10,603353.SH,S,18.020,300
534,44,2025-10-21,2025-10-21 14:56:10,601899.SH,S,30.070,300
535,44,2025-10-21,2025-10-21 14:56:10,300669.SZ,S,31.370,100
536,52,2025-10-21,2025-10-21 14:56:10,300229.SZ,B,19.740,300
537,60,2025-10-21,2025-10-21 14:56:09,300919.SZ,S,43.290,300
538,60,2025-10-21,2025-10-21 14:56:09,600446.SH,B,16.780,300
539,60,2025-10-21,2025-10-21 14:56:09,600446.SH,B,16.780,100
540,60,2025-10-21,2025-10-21 14:56:09,600446.SH,B,16.780,100
541,60,2025-10-21,2025-10-21 14:56:09,600446.SH,B,16.780,300
542,60,2025-10-21,2025-10-21 14:56:10,002299.SZ,S,16.840,200
543,60,2025-10-21,2025-10-21 14:56:09,600446.SH,B,16.780,200
544,60,2025-10-21,2025-10-21 14:56:10,002733.SZ,B,20.340,100
545,60,2025-10-21,2025-10-21 14:56:09,600446.SH,B,16.780,200
546,60,2025-10-21,2025-10-21 14:56:10,002733.SZ,B,20.340,200
547,60,2025-10-21,2025-10-21 14:56:09,600619.SH,B,21.510,400
548,60,2025-10-21,2025-10-21 14:56:09,300800.SZ,S,11.910,300
549,60,2025-10-21,2025-10-21 14:56:09,603212.SH,S,11.240,300
550,60,2025-10-21,2025-10-21 14:56:09,300229.SZ,S,19.730,600
551,44,2025-10-21,2025-10-21 14:56:09,300180.SZ,S,7.200,193
552,44,2025-10-21,2025-10-21 14:56:09,688234.SH,B,72.470,159
553,44,2025-10-21,2025-10-21 14:56:09,300727.SZ,S,36.790,200
554,44,2025-10-21,2025-10-21 14:56:09,605338.SH,S,24.980,100
555,44,2025-10-21,2025-10-21 14:56:10,300627.SZ,S,32.410,200
556,44,2025-10-21,2025-10-21 14:56:09,600104.SH,B,16.500,400
557,44,2025-10-21,2025-10-21 14:56:10,688456.SH,B,45.550,200
558,44,2025-10-21,2025-10-21 14:56:09,688005.SH,B,26.250,397
559,44,2025-10-21,2025-10-21 14:56:09,688261.SH,B,73.570,200
560,44,2025-10-21,2025-10-21 14:56:09,688005.SH,B,26.250,3
561,44,2025-10-21,2025-10-21 14:56:09,301027.SZ,S,18.450,200
562,44,2025-10-21,2025-10-21 14:56:09,600642.SH,B,8.100,800
563,44,2025-10-21,2025-10-21 14:56:09,000733.SZ,S,47.430,100
564,44,2025-10-21,2025-10-21 14:56:09,002674.SZ,S,14.180,400
565,52,2025-10-21,2025-10-21 14:56:03,600470.SH,S,6.210,900
566,60,2025-10-21,2025-10-21 14:56:08,300718.SZ,B,85.810,100
567,60,2025-10-21,2025-10-21 14:56:08,600415.SH,S,18.820,1000
568,60,2025-10-21,2025-10-21 14:56:09,601628.SH,B,43.980,500
569,60,2025-10-21,2025-10-21 14:56:08,601975.SH,B,3.280,2700
570,63,2025-10-21,2025-10-21 14:56:08,000021.SZ,B,28.320,300
571,60,2025-10-21,2025-10-21 14:56:08,601975.SH,B,3.280,1000
572,60,2025-10-21,2025-10-21 14:56:09,601628.SH,B,43.980,100
573,60,2025-10-21,2025-10-21 14:56:09,000402.SZ,S,3.120,1900
574,60,2025-10-21,2025-10-21 14:56:08,000021.SZ,B,28.320,200
575,60,2025-10-21,2025-10-21 14:56:08,601975.SH,B,3.280,3000
576,60,2025-10-21,2025-10-21 14:56:08,002896.SZ,B,89.070,300
577,60,2025-10-21,2025-10-21 14:56:09,003019.SZ,B,33.580,100
578,60,2025-10-21,2025-10-21 14:56:09,601628.SH,B,43.980,100
579,60,2025-10-21,2025-10-21 14:56:08,603612.SH,S,24.850,500
580,60,2025-10-21,2025-10-21 14:56:08,600100.SH,S,7.790,1600
581,60,2025-10-21,2025-10-21 14:56:08,000021.SZ,B,28.320,200
582,60,2025-10-21,2025-10-21 14:56:08,601975.SH,B,3.280,100
583,60,2025-10-21,2025-10-21 14:56:08,600660.SH,S,65.840,200
584,44,2025-10-21,2025-10-21 14:56:09,603026.SH,S,55.560,100
585,44,2025-10-21,2025-10-21 14:56:09,603026.SH,S,55.560,100
586,44,2025-10-21,2025-10-21 14:56:08,300180.SZ,S,7.200,1100
587,44,2025-10-21,2025-10-21 14:56:08,000045.SZ,B,13.740,600
588,44,2025-10-21,2025-10-21 14:56:08,001330.SZ,S,6.220,1000
589,44,2025-10-21,2025-10-21 14:56:08,002030.SZ,B,6.410,400
590,44,2025-10-21,2025-10-21 14:56:08,300180.SZ,S,7.200,2500
591,44,2025-10-21,2025-10-21 14:56:09,600055.SH,S,16.750,100
592,44,2025-10-21,2025-10-21 14:56:08,600322.SH,B,2.630,1100
593,44,2025-10-21,2025-10-21 14:56:08,600052.SH,S,5.210,1000
594,44,2025-10-21,2025-10-21 14:56:08,000915.SZ,S,31.940,100
595,60,2025-10-21,2025-10-21 14:56:08,000425.SZ,B,11.180,200
596,60,2025-10-21,2025-10-21 14:56:08,000425.SZ,B,11.180,300
597,60,2025-10-21,2025-10-21 14:56:08,000425.SZ,B,11.180,200
598,60,2025-10-21,2025-10-21 14:56:08,000425.SZ,B,11.180,200
599,60,2025-10-21,2025-10-21 14:56:08,000425.SZ,B,11.180,200
600,60,2025-10-21,2025-10-21 14:56:08,600176.SH,S,15.850,600
601,60,2025-10-21,2025-10-21 14:56:08,000425.SZ,B,11.180,100
602,60,2025-10-21,2025-10-21 14:56:07,000690.SZ,S,4.800,1200
603,60,2025-10-21,2025-10-21 14:56:07,603258.SH,S,19.300,200
604,60,2025-10-21,2025-10-21 14:56:07,002335.SZ,B,63.650,300
605,61,2025-10-21,2025-10-21 14:56:07,300468.SZ,B,37.930,100
606,44,2025-10-21,2025-10-21 14:56:08,300180.SZ,S,7.200,300
607,44,2025-10-21,2025-10-21 14:56:08,300180.SZ,S,7.200,200
608,44,2025-10-21,2025-10-21 14:56:07,301230.SZ,B,33.240,200
609,44,2025-10-21,2025-10-21 14:56:07,002150.SZ,S,18.340,400
610,44,2025-10-21,2025-10-21 14:56:07,002706.SZ,B,11.570,400
611,44,2025-10-21,2025-10-21 14:56:07,300947.SZ,S,19.860,100
612,58,2025-10-21,2025-10-21 14:56:07,002813.SZ,S,27.990,300
613,44,2025-10-21,2025-10-21 14:56:07,600198.SH,S,7.890,1100
614,59,2025-10-21,2025-10-21 14:56:06,002369.SZ,S,8.960,100
615,59,2025-10-21,2025-10-21 14:56:06,002369.SZ,S,8.960,100
616,60,2025-10-21,2025-10-21 14:56:07,601916.SH,S,3.050,8200
617,60,2025-10-21,2025-10-21 14:56:06,002048.SZ,B,32.360,1400
618,60,2025-10-21,2025-10-21 14:56:06,688009.SH,S,5.420,1870
619,60,2025-10-21,2025-10-21 14:56:06,688009.SH,S,5.420,200
620,60,2025-10-21,2025-10-21 14:56:06,688009.SH,S,5.420,200
621,60,2025-10-21,2025-10-21 14:56:06,688009.SH,S,5.420,200
622,60,2025-10-21,2025-10-21 14:56:06,688009.SH,S,5.420,200
623,60,2025-10-21,2025-10-21 14:56:06,688009.SH,S,5.420,200
624,60,2025-10-21,2025-10-21 14:56:06,688009.SH,S,5.420,200
625,60,2025-10-21,2025-10-21 14:56:06,688009.SH,S,5.420,200
626,60,2025-10-21,2025-10-21 14:56:06,688009.SH,S,5.420,200
627,60,2025-10-21,2025-10-21 14:56:06,600446.SH,B,16.780,200
628,60,2025-10-21,2025-10-21 14:56:06,688009.SH,S,5.420,200
629,60,2025-10-21,2025-10-21 14:56:06,600446.SH,B,16.780,200
630,60,2025-10-21,2025-10-21 14:56:06,688009.SH,S,5.420,200
631,60,2025-10-21,2025-10-21 14:56:06,600446.SH,B,16.780,200
632,60,2025-10-21,2025-10-21 14:56:06,688009.SH,S,5.420,200
633,60,2025-10-21,2025-10-21 14:56:06,600446.SH,B,16.780,100
634,60,2025-10-21,2025-10-21 14:56:06,688009.SH,S,5.420,200
635,60,2025-10-21,2025-10-21 14:56:07,002126.SZ,S,36.880,100
636,60,2025-10-21,2025-10-21 14:56:06,688009.SH,S,5.420,200
637,60,2025-10-21,2025-10-21 14:56:07,002126.SZ,S,36.880,300
638,60,2025-10-21,2025-10-21 14:56:06,600446.SH,B,16.780,200
639,63,2025-10-21,2025-10-21 14:56:06,601718.SH,S,3.750,2000
640,60,2025-10-21,2025-10-21 14:56:06,600446.SH,B,16.780,100
641,60,2025-10-21,2025-10-21 14:56:06,000778.SZ,B,3.950,300
642,60,2025-10-21,2025-10-21 14:56:06,600507.SH,S,5.430,200
643,60,2025-10-21,2025-10-21 14:56:06,688009.SH,S,5.420,130
644,60,2025-10-21,2025-10-21 14:56:06,600446.SH,B,16.780,200
645,61,2025-10-21,2025-10-21 14:56:06,600470.SH,S,6.210,300
646,61,2025-10-21,2025-10-21 14:56:06,002369.SZ,S,8.960,300
647,61,2025-10-21,2025-10-21 14:56:06,600470.SH,S,6.210,900
648,61,2025-10-21,2025-10-21 14:56:06,002219.SZ,S,2.390,4000
649,60,2025-10-21,2025-10-21 14:56:06,000778.SZ,B,3.950,100
650,61,2025-10-21,2025-10-21 14:56:06,600470.SH,S,6.210,400
651,60,2025-10-21,2025-10-21 14:56:06,001391.SZ,S,6.530,3100
652,61,2025-10-21,2025-10-21 14:56:06,600470.SH,S,6.210,300
653,44,2025-10-21,2025-10-21 14:56:06,600300.SH,B,3.430,600
654,44,2025-10-21,2025-10-21 14:56:06,002664.SZ,S,31.900,100
655,44,2025-10-21,2025-10-21 14:56:06,603109.SH,B,29.830,100
656,44,2025-10-21,2025-10-21 14:56:06,600688.SH,S,2.770,1700
657,44,2025-10-21,2025-10-21 14:56:06,600641.SH,B,20.390,300
658,44,2025-10-21,2025-10-21 14:56:06,603109.SH,B,29.820,100
659,44,2025-10-21,2025-10-21 14:56:06,600641.SH,B,20.390,100
660,44,2025-10-21,2025-10-21 14:56:06,600488.SH,S,4.210,100
661,44,2025-10-21,2025-10-21 14:56:06,002583.SZ,B,11.200,100
662,44,2025-10-21,2025-10-21 14:56:06,603109.SH,B,29.820,100
663,59,2025-10-21,2025-10-21 14:56:06,002219.SZ,S,2.390,1400
664,59,2025-10-21,2025-10-21 14:56:06,600470.SH,S,6.210,700
665,52,2025-10-21,2025-10-21 14:56:06,002219.SZ,S,2.390,2100
666,61,2025-10-21,2025-10-21 14:56:05,300348.SZ,B,14.350,300
667,60,2025-10-21,2025-10-21 14:56:05,600418.SH,B,49.340,400
668,60,2025-10-21,2025-10-21 14:56:05,002032.SZ,S,47.830,100
669,44,2025-10-21,2025-10-21 14:56:05,301038.SZ,S,25.860,100
670,44,2025-10-21,2025-10-21 14:56:06,300180.SZ,S,7.200,107
671,44,2025-10-21,2025-10-21 14:56:06,688185.SH,B,73.860,200
672,44,2025-10-21,2025-10-21 14:56:05,301038.SZ,S,25.860,100
673,44,2025-10-21,2025-10-21 14:56:06,000975.SZ,S,22.800,100
674,44,2025-10-21,2025-10-21 14:56:05,301038.SZ,S,25.860,100
675,44,2025-10-21,2025-10-21 14:56:05,000975.SZ,S,22.800,100
676,44,2025-10-21,2025-10-21 14:56:05,000975.SZ,S,22.800,100
677,44,2025-10-21,2025-10-21 14:56:05,301038.SZ,S,25.860,100
678,44,2025-10-21,2025-10-21 14:56:05,301487.SZ,B,25.160,200
679,44,2025-10-21,2025-10-21 14:56:05,000975.SZ,S,22.800,100
680,60,2025-10-21,2025-10-21 14:56:05,301000.SZ,S,44.640,300
681,60,2025-10-21,2025-10-21 14:56:04,002063.SZ,S,6.360,1100
682,60,2025-10-21,2025-10-21 14:56:04,600459.SH,S,16.180,100
683,44,2025-10-21,2025-10-21 14:56:04,600768.SH,S,12.760,400
684,44,2025-10-21,2025-10-21 14:56:04,000709.SZ,S,2.580,2100
685,44,2025-10-21,2025-10-21 14:56:04,688157.SH,B,33.730,200
686,60,2025-10-21,2025-10-21 14:56:04,603160.SH,S,77.070,100
687,61,2025-10-21,2025-10-21 14:56:03,000889.SZ,S,3.910,200
688,60,2025-10-21,2025-10-21 14:56:03,002353.SZ,B,52.780,100
689,63,2025-10-21,2025-10-21 14:56:03,003816.SZ,S,4.020,100
690,60,2025-10-21,2025-10-21 14:56:04,002595.SZ,S,56.530,200
691,60,2025-10-21,2025-10-21 14:56:03,002353.SZ,B,52.780,200
692,44,2025-10-21,2025-10-21 14:56:03,603767.SH,B,25.890,300
693,44,2025-10-21,2025-10-21 14:56:03,600844.SH,S,3.070,900
694,44,2025-10-21,2025-10-21 14:56:03,300079.SZ,S,5.670,1200
695,44,2025-10-21,2025-10-21 14:56:03,601882.SH,S,19.700,400
696,61,2025-10-21,2025-10-21 14:56:02,300432.SZ,S,18.270,200
697,44,2025-10-21,2025-10-21 14:56:02,300259.SZ,S,3.960,500
698,44,2025-10-21,2025-10-21 14:56:02,301307.SZ,B,30.560,100
699,44,2025-10-21,2025-10-21 14:56:03,301413.SZ,S,148.710,100
700,44,2025-10-21,2025-10-21 14:56:02,300746.SZ,B,14.020,500
701,44,2025-10-21,2025-10-21 14:56:02,301307.SZ,B,30.560,100
702,44,2025-10-21,2025-10-21 14:56:02,688766.SH,S,117.170,200
703,44,2025-10-21,2025-10-21 14:56:02,300259.SZ,S,3.960,700
704,44,2025-10-21,2025-10-21 14:56:02,002532.SZ,S,12.330,200
705,60,2025-10-21,2025-10-21 14:56:01,300773.SZ,S,23.950,300
706,60,2025-10-21,2025-10-21 14:56:01,002695.SZ,S,12.560,300
707,61,2025-10-21,2025-10-21 14:56:01,002506.SZ,B,2.490,100
708,44,2025-10-21,2025-10-21 14:56:02,688155.SH,B,65.870,200
709,44,2025-10-21,2025-10-21 14:56:01,300079.SZ,S,5.670,100
710,44,2025-10-21,2025-10-21 14:56:02,301307.SZ,B,30.560,100
711,44,2025-10-21,2025-10-21 14:56:01,688408.SH,B,43.660,200
712,44,2025-10-21,2025-10-21 14:56:01,688192.SH,B,64.190,200
713,44,2025-10-21,2025-10-21 14:56:01,601900.SH,S,13.500,400
714,44,2025-10-21,2025-10-21 14:56:01,601900.SH,S,13.500,300
715,60,2025-10-21,2025-10-21 14:56:00,300316.SZ,B,41.180,200
716,60,2025-10-21,2025-10-21 14:56:00,300316.SZ,B,41.180,300
717,60,2025-10-21,2025-10-21 14:56:01,300100.SZ,B,39.530,500
718,60,2025-10-21,2025-10-21 14:56:00,300316.SZ,B,41.180,100
719,60,2025-10-21,2025-10-21 14:56:00,300316.SZ,B,41.180,200
720,60,2025-10-21,2025-10-21 14:56:00,000426.SZ,B,30.970,800
721,60,2025-10-21,2025-10-21 14:56:00,600406.SH,S,23.430,1300
722,44,2025-10-21,2025-10-21 14:56:00,601857.SH,B,8.770,800
723,44,2025-10-21,2025-10-21 14:56:00,300761.SZ,S,22.230,100
724,44,2025-10-21,2025-10-21 14:56:00,002884.SZ,S,17.080,200
725,44,2025-10-21,2025-10-21 14:56:00,002884.SZ,S,17.080,100
726,44,2025-10-21,2025-10-21 14:56:00,300761.SZ,S,22.230,200
727,44,2025-10-21,2025-10-21 14:56:00,601218.SH,B,5.740,1000
728,44,2025-10-21,2025-10-21 14:56:00,300911.SZ,B,40.460,200
729,44,2025-10-21,2025-10-21 14:56:01,600481.SH,S,6.620,600
730,44,2025-10-21,2025-10-21 14:56:00,300761.SZ,S,22.230,100
731,44,2025-10-21,2025-10-21 14:56:00,688208.SH,B,37.210,200
732,44,2025-10-21,2025-10-21 14:56:00,605028.SH,S,27.020,400
733,44,2025-10-21,2025-10-21 14:56:01,600481.SH,S,6.620,1000
734,44,2025-10-21,2025-10-21 14:56:00,300761.SZ,S,22.230,100
735,44,2025-10-21,2025-10-21 14:56:00,002759.SZ,S,23.730,100
736,44,2025-10-21,2025-10-21 14:56:00,002483.SZ,S,7.220,1300
737,44,2025-10-21,2025-10-21 14:56:00,002544.SZ,S,24.110,200
738,44,2025-10-21,2025-10-21 14:56:00,603703.SH,S,11.950,200
739,44,2025-10-21,2025-10-21 14:56:00,300761.SZ,S,22.230,200
740,44,2025-10-21,2025-10-21 14:56:00,002759.SZ,S,23.730,200
741,44,2025-10-21,2025-10-21 14:56:00,002759.SZ,S,23.730,200
742,58,2025-10-21,2025-10-21 14:56:00,002369.SZ,S,8.960,400
743,44,2025-10-21,2025-10-21 14:56:00,002759.SZ,S,23.730,100
744,44,2025-10-21,2025-10-21 14:56:00,002859.SZ,B,32.220,300
745,44,2025-10-21,2025-10-21 14:56:00,002796.SZ,S,18.250,300
746,44,2025-10-21,2025-10-21 14:56:00,002759.SZ,S,23.730,100
747,44,2025-10-21,2025-10-21 14:56:00,603316.SH,S,13.690,900
748,44,2025-10-21,2025-10-21 14:56:00,000970.SZ,S,13.940,300
749,58,2025-10-21,2025-10-21 14:56:00,300389.SZ,S,19.190,900
750,44,2025-10-21,2025-10-21 14:56:00,000600.SZ,B,9.580,800
751,60,2025-10-21,2025-10-21 14:56:00,000333.SZ,S,72.850,100
752,60,2025-10-21,2025-10-21 14:56:00,000333.SZ,S,72.850,100
753,60,2025-10-21,2025-10-21 14:56:00,002014.SZ,S,11.250,100
754,60,2025-10-21,2025-10-21 14:56:00,600885.SH,S,27.600,700
755,60,2025-10-21,2025-10-21 14:56:00,300014.SZ,B,78.650,300
756,60,2025-10-21,2025-10-21 14:56:00,601168.SH,S,22.710,700
757,60,2025-10-21,2025-10-21 14:55:59,601816.SH,B,5.190,4600
758,60,2025-10-21,2025-10-21 14:56:00,601882.SH,S,19.700,300
759,60,2025-10-21,2025-10-21 14:56:00,301188.SZ,S,17.680,200
760,60,2025-10-21,2025-10-21 14:56:00,000538.SZ,S,56.620,100
761,60,2025-10-21,2025-10-21 14:55:59,603806.SH,B,15.190,488
762,44,2025-10-21,2025-10-21 14:56:00,002392.SZ,S,8.860,200
763,44,2025-10-21,2025-10-21 14:56:00,600481.SH,S,6.620,200
764,44,2025-10-21,2025-10-21 14:56:00,002483.SZ,S,7.220,200
765,58,2025-10-21,2025-10-21 14:55:59,600481.SH,S,6.620,1700
766,44,2025-10-21,2025-10-21 14:55:59,600057.SH,S,7.460,700
767,44,2025-10-21,2025-10-21 14:55:59,000560.SZ,S,2.930,1500
768,44,2025-10-21,2025-10-21 14:55:59,600481.SH,S,6.620,300
769,44,2025-10-21,2025-10-21 14:55:58,603859.SH,B,42.770,200
770,44,2025-10-21,2025-10-21 14:55:58,000008.SZ,S,2.890,1605
771,44,2025-10-21,2025-10-21 14:55:58,002483.SZ,S,7.220,300
772,44,2025-10-21,2025-10-21 14:55:58,000008.SZ,S,2.890,1100
773,44,2025-10-21,2025-10-21 14:55:58,600217.SH,S,4.290,700
774,44,2025-10-21,2025-10-21 14:55:58,000008.SZ,S,2.890,595
775,44,2025-10-21,2025-10-21 14:55:58,003009.SZ,B,48.690,100
776,44,2025-10-21,2025-10-21 14:55:58,002936.SZ,B,2.050,380
777,44,2025-10-21,2025-10-21 14:55:58,002936.SZ,B,2.050,220
778,60,2025-10-21,2025-10-21 14:55:57,603806.SH,B,15.190,500
779,60,2025-10-21,2025-10-21 14:55:57,600050.SH,S,5.500,7700
780,44,2025-10-21,2025-10-21 14:55:58,688779.SH,S,7.140,226
781,44,2025-10-21,2025-10-21 14:55:57,688779.SH,S,7.140,200
782,58,2025-10-21,2025-10-21 14:55:57,002219.SZ,S,2.390,3200
783,44,2025-10-21,2025-10-21 14:55:57,688779.SH,S,7.140,200
784,60,2025-10-21,2025-10-21 14:55:57,603588.SH,S,7.660,220
785,60,2025-10-21,2025-10-21 14:55:56,603806.SH,B,15.190,100
786,60,2025-10-21,2025-10-21 14:55:56,002520.SZ,S,5.880,600
787,44,2025-10-21,2025-10-21 14:55:57,688779.SH,S,7.140,174
788,44,2025-10-21,2025-10-21 14:55:57,600936.SH,S,3.770,1000
789,44,2025-10-21,2025-10-21 14:55:56,300725.SZ,B,40.560,100
790,44,2025-10-21,2025-10-21 14:55:56,002329.SZ,S,3.640,600
791,60,2025-10-21,2025-10-21 14:55:56,300115.SZ,B,36.410,300
792,60,2025-10-21,2025-10-21 14:55:55,600864.SH,S,7.600,500
793,60,2025-10-21,2025-10-21 14:55:55,601390.SH,S,5.710,1100
794,44,2025-10-21,2025-10-21 14:55:55,300990.SZ,B,74.260,100
795,44,2025-10-21,2025-10-21 14:55:55,300100.SZ,B,39.530,100
796,44,2025-10-21,2025-10-21 14:55:55,300465.SZ,B,21.890,1000
797,44,2025-10-21,2025-10-21 14:55:55,600033.SH,B,3.520,200
798,60,2025-10-21,2025-10-21 14:55:55,300124.SZ,B,79.540,100
799,60,2025-10-21,2025-10-21 14:55:55,300124.SZ,B,79.540,100
800,44,2025-10-21,2025-10-21 14:55:54,002468.SZ,S,15.640,100
801,44,2025-10-21,2025-10-21 14:55:54,002905.SZ,S,10.470,100
802,44,2025-10-21,2025-10-21 14:55:54,002905.SZ,S,10.470,400
803,44,2025-10-21,2025-10-21 14:55:53,603708.SH,S,10.470,100
804,44,2025-10-21,2025-10-21 14:55:54,003816.SZ,S,4.030,100
805,52,2025-10-21,2025-10-21 14:55:53,601018.SH,B,3.850,400
806,60,2025-10-21,2025-10-21 14:55:53,603806.SH,B,15.190,112
807,60,2025-10-21,2025-10-21 14:55:52,300236.SZ,B,59.010,100
808,44,2025-10-21,2025-10-21 14:55:53,600718.SH,S,10.660,500
809,44,2025-10-21,2025-10-21 14:55:52,301487.SZ,B,25.170,200
810,60,2025-10-21,2025-10-21 14:55:51,600690.SH,S,25.340,200
811,60,2025-10-21,2025-10-21 14:55:51,600894.SH,S,10.050,100
812,44,2025-10-21,2025-10-21 14:55:51,601996.SH,S,2.440,400
813,60,2025-10-21,2025-10-21 14:55:51,000709.SZ,S,2.580,6100
814,59,2025-10-21,2025-10-21 14:55:51,000709.SZ,S,2.580,100
815,52,2025-10-21,2025-10-21 14:55:50,600345.SH,B,27.280,400
816,60,2025-10-21,2025-10-21 14:55:50,603588.SH,S,7.660,100
817,60,2025-10-21,2025-10-21 14:55:49,603588.SH,S,7.660,300
818,44,2025-10-21,2025-10-21 14:55:49,002378.SZ,B,12.050,900
819,60,2025-10-21,2025-10-21 14:55:48,601600.SH,B,8.620,883
820,60,2025-10-21,2025-10-21 14:55:48,000858.SZ,B,120.570,100
821,60,2025-10-21,2025-10-21 14:55:48,002555.SZ,B,19.930,400
822,60,2025-10-21,2025-10-21 14:55:48,601600.SH,B,8.620,1117
823,60,2025-10-21,2025-10-21 14:55:48,603588.SH,S,7.660,200
824,44,2025-10-21,2025-10-21 14:55:49,603356.SH,S,13.630,100
825,44,2025-10-21,2025-10-21 14:55:48,002506.SZ,S,2.490,4800
826,44,2025-10-21,2025-10-21 14:55:48,603887.SH,S,15.740,200
827,44,2025-10-21,2025-10-21 14:55:48,688716.SH,B,40.900,200
828,44,2025-10-21,2025-10-21 14:55:48,600425.SH,S,4.870,1100
829,44,2025-10-21,2025-10-21 14:55:48,600641.SH,B,20.380,200
830,60,2025-10-21,2025-10-21 14:55:47,600425.SH,S,4.870,100
831,44,2025-10-21,2025-10-21 14:55:47,688139.SH,S,33.990,200
832,60,2025-10-21,2025-10-21 14:55:46,000807.SZ,B,21.990,100
833,44,2025-10-21,2025-10-21 14:55:46,002515.SZ,S,6.830,600
834,44,2025-10-21,2025-10-21 14:55:46,600248.SH,S,3.950,1100
835,60,2025-10-21,2025-10-21 14:55:45,000807.SZ,B,21.990,100
836,52,2025-10-21,2025-10-21 14:55:45,600988.SH,B,29.500,100
837,52,2025-10-21,2025-10-21 14:55:45,600988.SH,B,29.500,100
838,60,2025-10-21,2025-10-21 14:55:45,603588.SH,S,7.660,100
839,60,2025-10-21,2025-10-21 14:55:45,603871.SH,S,13.560,100
840,60,2025-10-21,2025-10-21 14:55:45,603588.SH,S,7.660,300
841,44,2025-10-21,2025-10-21 14:55:43,600641.SH,B,20.380,200
842,60,2025-10-21,2025-10-21 14:55:42,002353.SZ,B,52.710,200
843,44,2025-10-21,2025-10-21 14:55:40,000566.SZ,S,5.920,100
844,60,2025-10-21,2025-10-21 14:55:39,300180.SZ,S,7.200,1100
845,44,2025-10-21,2025-10-21 14:55:39,601168.SH,S,22.710,200
846,44,2025-10-21,2025-10-21 14:55:39,605138.SH,B,7.640,300
847,60,2025-10-21,2025-10-21 14:55:37,600248.SH,S,3.950,200
848,44,2025-10-21,2025-10-21 14:55:38,300711.SZ,B,20.400,200
849,60,2025-10-21,2025-10-21 14:55:37,000063.SZ,B,51.250,200
850,44,2025-10-21,2025-10-21 14:55:36,300711.SZ,B,20.400,100
851,60,2025-10-21,2025-10-21 14:55:36,600742.SH,S,9.590,500
852,60,2025-10-21,2025-10-21 14:55:36,002080.SZ,B,31.630,400
853,60,2025-10-21,2025-10-21 14:55:35,002746.SZ,S,6.220,600
854,59,2025-10-21,2025-10-21 14:55:35,300324.SZ,S,5.920,300
855,60,2025-10-21,2025-10-21 14:55:35,600331.SH,S,9.930,1400
856,52,2025-10-21,2025-10-21 14:55:31,300324.SZ,S,5.920,400
857,61,2025-10-21,2025-10-21 14:55:34,300324.SZ,S,5.920,900
858,60,2025-10-21,2025-10-21 14:55:33,603588.SH,S,7.660,300
859,60,2025-10-21,2025-10-21 14:55:33,603588.SH,S,7.660,80
860,60,2025-10-21,2025-10-21 14:55:32,600489.SH,B,23.480,700
861,44,2025-10-21,2025-10-21 14:55:32,001339.SZ,B,54.190,200
862,44,2025-10-21,2025-10-21 14:55:32,603286.SH,S,42.070,100
863,61,2025-10-21,2025-10-21 14:55:31,300153.SZ,B,33.710,100
864,60,2025-10-21,2025-10-21 14:55:30,603119.SH,B,92.750,200
865,60,2025-10-21,2025-10-21 14:55:31,002624.SZ,B,17.150,300
866,60,2025-10-21,2025-10-21 14:55:30,000768.SZ,S,25.580,300
867,60,2025-10-21,2025-10-21 14:55:30,002373.SZ,S,11.000,500
868,61,2025-10-21,2025-10-21 14:55:30,300077.SZ,B,22.880,100
869,60,2025-10-21,2025-10-21 14:55:29,002353.SZ,B,52.690,200
870,60,2025-10-21,2025-10-21 14:55:29,600036.SH,S,41.960,100
871,44,2025-10-21,2025-10-21 14:55:30,600066.SH,S,28.970,100
872,60,2025-10-21,2025-10-21 14:55:29,601398.SH,B,7.630,1800
873,44,2025-10-21,2025-10-21 14:55:29,688658.SH,B,21.760,200
874,44,2025-10-21,2025-10-21 14:55:29,002626.SZ,S,21.240,100
875,44,2025-10-21,2025-10-21 14:55:25,300331.SZ,B,32.080,500
876,44,2025-10-21,2025-10-21 14:55:25,688526.SH,B,17.320,200
877,60,2025-10-21,2025-10-21 14:55:25,002506.SZ,S,2.490,7400
878,60,2025-10-21,2025-10-21 14:55:25,002506.SZ,S,2.490,5100
879,44,2025-10-21,2025-10-21 14:55:25,002506.SZ,S,2.490,1300
880,44,2025-10-21,2025-10-21 14:55:25,000726.SZ,S,7.470,400
881,44,2025-10-21,2025-10-21 14:55:24,688678.SH,S,30.990,57
882,44,2025-10-21,2025-10-21 14:55:25,002506.SZ,S,2.490,4100
883,44,2025-10-21,2025-10-21 14:55:24,002162.SZ,S,4.480,600
884,60,2025-10-21,2025-10-21 14:55:23,600066.SH,S,28.970,200
885,44,2025-10-21,2025-10-21 14:55:24,301191.SZ,B,95.980,100
886,44,2025-10-21,2025-10-21 14:55:23,300048.SZ,S,6.500,100
887,60,2025-10-21,2025-10-21 14:55:22,600095.SH,B,12.380,600
888,60,2025-10-21,2025-10-21 14:55:22,600095.SH,B,12.380,400
889,60,2025-10-21,2025-10-21 14:55:23,000625.SZ,S,12.390,200
890,60,2025-10-21,2025-10-21 14:55:22,600095.SH,B,12.380,300
891,60,2025-10-21,2025-10-21 14:55:22,603296.SH,B,93.490,100
892,60,2025-10-21,2025-10-21 14:55:22,601601.SH,S,37.350,100
893,60,2025-10-21,2025-10-21 14:55:21,000718.SZ,S,2.730,1700
894,60,2025-10-21,2025-10-21 14:55:22,688599.SH,S,17.900,300
895,44,2025-10-21,2025-10-21 14:55:22,688678.SH,S,30.990,243
896,44,2025-10-21,2025-10-21 14:55:21,603233.SH,S,18.720,100
897,44,2025-10-21,2025-10-21 14:55:20,000829.SZ,S,9.800,400
898,44,2025-10-21,2025-10-21 14:55:19,003019.SZ,B,33.590,100
899,44,2025-10-21,2025-10-21 14:55:19,003019.SZ,B,33.580,100
900,61,2025-10-21,2025-10-21 14:55:19,002385.SZ,B,4.130,100
901,44,2025-10-21,2025-10-21 14:55:18,301363.SZ,B,22.390,300
902,60,2025-10-21,2025-10-21 14:55:18,600900.SH,S,27.890,400
903,44,2025-10-21,2025-10-21 14:55:17,301565.SZ,B,23.960,100
904,60,2025-10-21,2025-10-21 14:55:17,300304.SZ,B,12.170,100
905,60,2025-10-21,2025-10-21 14:55:17,601838.SH,S,18.400,100
906,44,2025-10-21,2025-10-21 14:55:18,300291.SZ,S,6.270,200
907,44,2025-10-21,2025-10-21 14:55:17,688038.SH,S,20.510,200
908,44,2025-10-21,2025-10-21 14:55:16,002283.SZ,S,6.350,100
909,60,2025-10-21,2025-10-21 14:55:17,300304.SZ,B,12.170,200
910,60,2025-10-21,2025-10-21 14:55:16,300304.SZ,B,12.170,400
911,60,2025-10-21,2025-10-21 14:55:16,600499.SH,S,11.700,100
912,44,2025-10-21,2025-10-21 14:55:16,000718.SZ,S,2.730,600
913,44,2025-10-21,2025-10-21 14:55:16,600847.SH,S,11.650,300
914,60,2025-10-21,2025-10-21 14:55:15,601519.SH,B,14.120,700
915,60,2025-10-21,2025-10-21 14:55:15,300180.SZ,S,7.200,2200
916,44,2025-10-21,2025-10-21 14:55:16,000042.SZ,S,8.190,500
917,44,2025-10-21,2025-10-21 14:55:15,000718.SZ,S,2.730,1000
918,44,2025-10-21,2025-10-21 14:55:14,002015.SZ,B,11.060,600
919,60,2025-10-21,2025-10-21 14:55:14,600468.SH,B,6.710,500
920,44,2025-10-21,2025-10-21 14:55:14,002337.SZ,S,5.800,100
921,44,2025-10-21,2025-10-21 14:55:14,600847.SH,S,11.650,100
922,44,2025-10-21,2025-10-21 14:55:13,300034.SZ,S,16.380,200
923,60,2025-10-21,2025-10-21 14:55:13,000401.SZ,S,5.050,200
924,60,2025-10-21,2025-10-21 14:55:12,603708.SH,B,10.460,100
925,60,2025-10-21,2025-10-21 14:55:12,002498.SZ,S,3.700,1200
926,60,2025-10-21,2025-10-21 14:55:12,000975.SZ,S,22.790,100
927,60,2025-10-21,2025-10-21 14:55:12,000975.SZ,S,22.790,200
928,60,2025-10-21,2025-10-21 14:55:12,000975.SZ,S,22.790,100
929,60,2025-10-21,2025-10-21 14:55:11,002367.SZ,S,6.750,200
930,60,2025-10-21,2025-10-21 14:55:12,002733.SZ,B,20.330,300
931,44,2025-10-21,2025-10-21 14:55:10,002487.SZ,B,46.810,100
932,44,2025-10-21,2025-10-21 14:55:12,000523.SZ,S,3.230,1200
933,61,2025-10-21,2025-10-21 14:55:11,002645.SZ,B,15.110,100
934,61,2025-10-21,2025-10-21 14:55:10,600986.SH,S,8.130,200
935,44,2025-10-21,2025-10-21 14:55:09,002802.SZ,S,12.940,100
936,59,2025-10-21,2025-10-21 14:55:10,600986.SH,S,8.130,100
937,60,2025-10-21,2025-10-21 14:55:09,000975.SZ,S,22.790,200
938,60,2025-10-21,2025-10-21 14:55:09,000975.SZ,S,22.790,100
939,60,2025-10-21,2025-10-21 14:55:09,000975.SZ,S,22.790,200
940,60,2025-10-21,2025-10-21 14:55:09,000975.SZ,S,22.790,200
941,44,2025-10-21,2025-10-21 14:55:09,301077.SZ,S,26.760,100
942,44,2025-10-21,2025-10-21 14:55:09,688516.SH,B,42.810,200
943,60,2025-10-21,2025-10-21 14:55:08,000401.SZ,S,5.050,100
944,61,2025-10-21,2025-10-21 14:55:08,002295.SZ,S,13.250,200
945,44,2025-10-21,2025-10-21 14:55:08,600207.SH,B,5.330,1000
946,44,2025-10-21,2025-10-21 14:55:06,688488.SH,B,14.210,200
947,44,2025-10-21,2025-10-21 14:55:06,601222.SH,S,6.010,1200
948,44,2025-10-21,2025-10-21 14:55:07,600335.SH,S,6.050,500
949,44,2025-10-21,2025-10-21 14:55:05,688586.SH,S,11.010,400
950,60,2025-10-21,2025-10-21 14:55:05,600104.SH,S,16.490,300
951,60,2025-10-21,2025-10-21 14:55:05,000401.SZ,S,5.050,200
952,44,2025-10-21,2025-10-21 14:55:05,600658.SH,S,5.780,400
953,60,2025-10-21,2025-10-21 14:55:04,002179.SZ,S,37.670,200
954,44,2025-10-21,2025-10-21 14:55:05,300626.SZ,S,12.390,400
955,60,2025-10-21,2025-10-21 14:55:03,000401.SZ,S,5.050,100
956,60,2025-10-21,2025-10-21 14:55:03,300765.SZ,S,42.340,300
957,60,2025-10-21,2025-10-21 14:55:02,000401.SZ,S,5.050,100
958,44,2025-10-21,2025-10-21 14:55:02,000030.SZ,S,5.520,1300
959,61,2025-10-21,2025-10-21 14:55:01,603367.SH,S,21.990,100
960,60,2025-10-21,2025-10-21 14:55:01,002027.SZ,B,7.430,3400
961,44,2025-10-21,2025-10-21 14:55:00,603583.SH,B,37.680,100
962,60,2025-10-21,2025-10-21 14:55:00,000401.SZ,S,5.050,200
963,44,2025-10-21,2025-10-21 14:54:59,301517.SZ,B,43.560,100
964,44,2025-10-21,2025-10-21 14:55:00,002733.SZ,B,20.330,400
965,44,2025-10-21,2025-10-21 14:54:58,601222.SH,S,6.010,300
966,58,2025-10-21,2025-10-21 14:54:57,301607.SZ,B,44.400,100
967,61,2025-10-21,2025-10-21 14:54:57,000032.SZ,B,20.640,100
968,61,2025-10-21,2025-10-21 14:54:57,000032.SZ,B,20.640,100
969,61,2025-10-21,2025-10-21 14:54:57,000032.SZ,B,20.640,100
970,44,2025-10-21,2025-10-21 14:54:57,603729.SH,S,16.940,200
971,44,2025-10-21,2025-10-21 14:54:57,002871.SZ,B,15.620,300
972,44,2025-10-21,2025-10-21 14:54:56,301030.SZ,B,14.760,300
973,61,2025-10-21,2025-10-21 14:54:56,603583.SH,B,37.680,100
974,61,2025-10-21,2025-10-21 14:54:56,603920.SH,B,41.020,100
975,61,2025-10-21,2025-10-21 14:54:54,300389.SZ,S,19.190,1000
976,44,2025-10-21,2025-10-21 14:54:54,688387.SH,S,6.640,208
977,44,2025-10-21,2025-10-21 14:54:55,600020.SH,B,4.440,400
978,44,2025-10-21,2025-10-21 14:54:54,688387.SH,S,6.640,192
979,60,2025-10-21,2025-10-21 14:54:53,600113.SH,B,52.410,200
980,60,2025-10-21,2025-10-21 14:54:51,601929.SH,B,3.640,922
981,60,2025-10-21,2025-10-21 14:54:51,601929.SH,B,3.640,278
982,44,2025-10-21,2025-10-21 14:54:51,000718.SZ,S,2.730,1600
983,44,2025-10-21,2025-10-21 14:54:51,603187.SH,S,14.540,300
984,44,2025-10-21,2025-10-21 14:54:51,002206.SZ,S,6.110,100
985,59,2025-10-21,2025-10-21 14:54:49,300153.SZ,B,33.720,200
986,60,2025-10-21,2025-10-21 14:54:47,600874.SH,S,6.240,1000
987,52,2025-10-21,2025-10-21 14:54:47,600732.SH,B,16.100,200
988,44,2025-10-21,2025-10-21 14:54:43,603187.SH,S,14.540,200
989,44,2025-10-21,2025-10-21 14:54:42,603318.SH,S,6.990,100
990,60,2025-10-21,2025-10-21 14:54:41,000100.SZ,S,4.160,4300
991,60,2025-10-21,2025-10-21 14:54:40,600256.SH,B,5.330,2000
992,60,2025-10-21,2025-10-21 14:54:39,000729.SZ,S,11.930,900
993,44,2025-10-21,2025-10-21 14:54:39,688166.SH,B,52.170,200
994,44,2025-10-21,2025-10-21 14:54:38,002746.SZ,S,6.220,100
995,44,2025-10-21,2025-10-21 14:54:37,603318.SH,S,6.990,100
996,44,2025-10-21,2025-10-21 14:54:37,603429.SH,B,9.800,400
997,58,2025-10-21,2025-10-21 14:54:37,600712.SH,S,7.020,200
998,59,2025-10-21,2025-10-21 14:54:36,600988.SH,B,29.480,600
999,52,2025-10-21,2025-10-21 14:54:36,301607.SZ,B,44.380,100
1000,44,2025-10-21,2025-10-21 14:54:35,300770.SZ,B,47.650,100
1001,44,2025-10-21,2025-10-21 14:54:35,300432.SZ,S,18.250,300
1002,44,2025-10-21,2025-10-21 14:54:35,300221.SZ,B,8.830,500
1003,60,2025-10-21,2025-10-21 14:54:34,002353.SZ,B,52.700,100
1004,44,2025-10-21,2025-10-21 14:54:34,002312.SZ,S,10.470,700
1005,44,2025-10-21,2025-10-21 14:54:34,000902.SZ,S,14.370,100
1006,44,2025-10-21,2025-10-21 14:54:34,300830.SZ,B,10.530,400
1007,59,2025-10-21,2025-10-21 14:54:30,000032.SZ,B,20.640,200
1008,52,2025-10-21,2025-10-21 14:54:31,300389.SZ,S,19.180,400
1009,60,2025-10-21,2025-10-21 14:54:31,002126.SZ,S,36.930,100
1010,60,2025-10-21,2025-10-21 14:54:29,603993.SH,B,15.470,1000
1011,44,2025-10-21,2025-10-21 14:54:29,301357.SZ,B,142.130,100
1012,44,2025-10-21,2025-10-21 14:54:29,600271.SH,S,8.250,200
1013,44,2025-10-21,2025-10-21 14:54:29,600271.SH,S,8.250,100
1014,60,2025-10-21,2025-10-21 14:54:28,600057.SH,S,7.460,700
1015,60,2025-10-21,2025-10-21 14:54:28,600057.SH,S,7.460,700
1016,60,2025-10-21,2025-10-21 14:54:28,600663.SH,S,8.740,100
1017,44,2025-10-21,2025-10-21 14:54:28,000598.SZ,B,6.940,500
1018,44,2025-10-21,2025-10-21 14:54:28,002126.SZ,S,36.930,400
1019,60,2025-10-21,2025-10-21 14:54:27,002419.SZ,S,5.550,100
1020,60,2025-10-21,2025-10-21 14:54:27,000568.SZ,B,134.280,200
1021,60,2025-10-21,2025-10-21 14:54:27,600938.SH,S,26.200,700
1022,44,2025-10-21,2025-10-21 14:54:28,600997.SH,S,7.250,100
1023,60,2025-10-21,2025-10-21 14:54:26,600938.SH,S,26.200,200
1024,60,2025-10-21,2025-10-21 14:54:26,600938.SH,S,26.200,200
1025,44,2025-10-21,2025-10-21 14:54:26,300825.SZ,S,10.640,100
1026,60,2025-10-21,2025-10-21 14:54:26,600167.SH,B,9.020,400
1027,60,2025-10-21,2025-10-21 14:54:26,300498.SZ,S,18.330,200
1028,44,2025-10-21,2025-10-21 14:54:26,000829.SZ,S,9.800,500
1029,44,2025-10-21,2025-10-21 14:54:25,000902.SZ,S,14.370,200
1030,44,2025-10-21,2025-10-21 14:54:25,600497.SH,S,6.750,100
1031,44,2025-10-21,2025-10-21 14:54:25,300213.SZ,B,8.890,400
1032,52,2025-10-21,2025-10-21 14:54:25,603353.SH,S,18.030,100
1033,60,2025-10-21,2025-10-21 14:54:24,300498.SZ,S,18.330,200
1034,60,2025-10-21,2025-10-21 14:54:24,600167.SH,B,9.020,300
1035,60,2025-10-21,2025-10-21 14:54:23,300498.SZ,S,18.330,100
1036,60,2025-10-21,2025-10-21 14:54:23,600271.SH,S,8.250,400
1037,44,2025-10-21,2025-10-21 14:54:23,002912.SZ,B,29.460,100
1038,60,2025-10-21,2025-10-21 14:54:23,300199.SZ,B,21.430,600
1039,60,2025-10-21,2025-10-21 14:54:22,603185.SH,B,22.110,303
1040,60,2025-10-21,2025-10-21 14:54:22,603185.SH,B,22.110,197
1041,44,2025-10-21,2025-10-21 14:54:22,601519.SH,S,14.120,100
1042,60,2025-10-21,2025-10-21 14:54:21,300568.SZ,S,12.810,1000
1043,60,2025-10-21,2025-10-21 14:54:20,601668.SH,S,5.660,500
1044,60,2025-10-21,2025-10-21 14:54:20,601668.SH,S,5.660,400
1045,60,2025-10-21,2025-10-21 14:54:20,601668.SH,S,5.660,1300
1046,60,2025-10-21,2025-10-21 14:54:20,601668.SH,S,5.660,2000
1047,60,2025-10-21,2025-10-21 14:54:20,601668.SH,S,5.660,300
1048,60,2025-10-21,2025-10-21 14:54:20,601668.SH,S,5.660,700
1049,60,2025-10-21,2025-10-21 14:54:20,601668.SH,S,5.660,200
1050,60,2025-10-21,2025-10-21 14:54:20,601668.SH,S,5.660,100
1051,60,2025-10-21,2025-10-21 14:54:20,301413.SZ,B,148.380,100
1052,60,2025-10-21,2025-10-21 14:54:20,601668.SH,S,5.660,1900
1053,60,2025-10-21,2025-10-21 14:54:20,601668.SH,S,5.660,100
1054,60,2025-10-21,2025-10-21 14:54:20,601668.SH,S,5.660,100
1055,60,2025-10-21,2025-10-21 14:54:19,600663.SH,S,8.740,800
1056,60,2025-10-21,2025-10-21 14:54:20,300498.SZ,S,18.330,100
1057,60,2025-10-21,2025-10-21 14:54:19,600919.SH,B,10.850,2100
1058,60,2025-10-21,2025-10-21 14:54:19,300498.SZ,S,18.330,100
1059,60,2025-10-21,2025-10-21 14:54:19,600167.SH,B,9.020,1100
1060,44,2025-10-21,2025-10-21 14:54:18,300894.SZ,S,12.430,100
1061,60,2025-10-21,2025-10-21 14:54:18,600623.SH,S,8.970,600
1062,44,2025-10-21,2025-10-21 14:54:16,688799.SH,B,52.270,173
1063,44,2025-10-21,2025-10-21 14:54:16,688799.SH,B,52.270,27
1064,60,2025-10-21,2025-10-21 14:54:16,300655.SZ,B,13.930,1900
1065,44,2025-10-21,2025-10-21 14:54:15,600662.SH,S,5.440,100
1066,44,2025-10-21,2025-10-21 14:54:15,600662.SH,S,5.440,500
1067,44,2025-10-21,2025-10-21 14:54:15,600662.SH,S,5.440,200
1068,44,2025-10-21,2025-10-21 14:54:13,000032.SZ,B,20.640,300
1069,44,2025-10-21,2025-10-21 14:54:14,002598.SZ,S,11.470,300
1070,59,2025-10-21,2025-10-21 14:54:13,600988.SH,B,29.480,7
1071,44,2025-10-21,2025-10-21 14:54:13,600550.SH,S,8.300,100
1072,61,2025-10-21,2025-10-21 14:54:12,601018.SH,B,3.850,100
1073,44,2025-10-21,2025-10-21 14:54:12,601018.SH,B,3.850,800
1074,44,2025-10-21,2025-10-21 14:54:12,002419.SZ,S,5.560,100
1075,44,2025-10-21,2025-10-21 14:54:12,002419.SZ,S,5.560,100
1076,44,2025-10-21,2025-10-21 14:54:12,002419.SZ,S,5.560,100
1077,44,2025-10-21,2025-10-21 14:54:12,002419.SZ,S,5.560,200
1078,44,2025-10-21,2025-10-21 14:54:11,002385.SZ,S,4.130,600
1079,60,2025-10-21,2025-10-21 14:54:11,301392.SZ,S,141.990,100
1080,44,2025-10-21,2025-10-21 14:54:11,300918.SZ,B,20.520,400
1081,44,2025-10-21,2025-10-21 14:54:11,600178.SH,B,13.100,100
1082,44,2025-10-21,2025-10-21 14:54:11,600178.SH,B,13.100,200
1083,44,2025-10-21,2025-10-21 14:54:11,002133.SZ,S,3.830,600
1084,60,2025-10-21,2025-10-21 14:54:10,601872.SH,B,8.730,300
1085,44,2025-10-21,2025-10-21 14:54:10,300251.SZ,S,16.420,200
1086,60,2025-10-21,2025-10-21 14:54:10,601872.SH,B,8.730,500
1087,44,2025-10-21,2025-10-21 14:54:09,601058.SH,S,14.360,100
1088,44,2025-10-21,2025-10-21 14:54:09,600961.SH,S,15.180,400
1089,44,2025-10-21,2025-10-21 14:54:09,002419.SZ,S,5.560,100
1090,60,2025-10-21,2025-10-21 14:54:09,601872.SH,B,8.730,1100
1091,44,2025-10-21,2025-10-21 14:54:08,002419.SZ,S,5.560,100
1092,44,2025-10-21,2025-10-21 14:54:08,002419.SZ,S,5.560,100
1093,61,2025-10-21,2025-10-21 14:54:07,300657.SZ,B,30.200,100
1094,60,2025-10-21,2025-10-21 14:54:08,300850.SZ,S,44.420,100
1095,60,2025-10-21,2025-10-21 14:54:07,001309.SZ,B,189.110,100
1096,44,2025-10-21,2025-10-21 14:54:06,000089.SZ,S,7.160,400
1097,60,2025-10-21,2025-10-21 14:54:06,603920.SH,B,41.030,1200
1098,60,2025-10-21,2025-10-21 14:54:07,000970.SZ,S,13.940,200
1099,60,2025-10-21,2025-10-21 14:54:07,600015.SH,S,6.870,1600
1100,44,2025-10-21,2025-10-21 14:54:06,688313.SH,B,67.760,200
1101,44,2025-10-21,2025-10-21 14:54:06,603638.SH,S,17.440,500
1102,52,2025-10-21,2025-10-21 14:46:17,603077.SH,B,2.160,400
1103,60,2025-10-21,2025-10-21 14:54:05,300003.SZ,S,18.120,100
1104,60,2025-10-21,2025-10-21 14:54:05,000990.SZ,S,7.410,800
1105,60,2025-10-21,2025-10-21 14:54:05,300003.SZ,S,18.120,200
1106,60,2025-10-21,2025-10-21 14:54:05,600176.SH,S,15.860,200
1107,60,2025-10-21,2025-10-21 14:54:04,002922.SZ,S,23.160,100
1108,44,2025-10-21,2025-10-21 14:54:04,601801.SH,S,6.510,100
1109,59,2025-10-21,2025-10-21 14:54:03,600988.SH,B,29.480,200
1110,59,2025-10-21,2025-10-21 14:54:03,300348.SZ,B,14.350,200
1111,59,2025-10-21,2025-10-21 14:54:03,600988.SH,B,29.480,93
1112,44,2025-10-21,2025-10-21 14:54:03,002003.SZ,S,10.310,300
1113,44,2025-10-21,2025-10-21 14:54:03,002609.SZ,B,9.600,100
1114,44,2025-10-21,2025-10-21 14:54:02,001288.SZ,B,25.080,200
1115,60,2025-10-21,2025-10-21 14:54:01,601018.SH,B,3.850,1733
1116,60,2025-10-21,2025-10-21 14:54:01,601018.SH,B,3.850,100
1117,60,2025-10-21,2025-10-21 14:54:01,601018.SH,B,3.850,1000
1118,60,2025-10-21,2025-10-21 14:54:01,601018.SH,B,3.850,100
1119,60,2025-10-21,2025-10-21 14:54:01,601018.SH,B,3.850,5000
1120,60,2025-10-21,2025-10-21 14:54:01,601018.SH,B,3.850,100
1121,60,2025-10-21,2025-10-21 14:54:01,601018.SH,B,3.850,100
1122,60,2025-10-21,2025-10-21 14:54:01,601018.SH,B,3.850,100
1123,60,2025-10-21,2025-10-21 14:54:01,601018.SH,B,3.850,800
1124,60,2025-10-21,2025-10-21 14:54:01,601018.SH,B,3.850,200
1125,60,2025-10-21,2025-10-21 14:54:01,601018.SH,B,3.850,100
1126,60,2025-10-21,2025-10-21 14:54:01,601018.SH,B,3.850,100
1127,60,2025-10-21,2025-10-21 14:54:01,601018.SH,B,3.850,800
1128,60,2025-10-21,2025-10-21 14:54:01,601018.SH,B,3.850,67
1129,44,2025-10-21,2025-10-21 14:54:01,002609.SZ,B,9.600,200
1130,60,2025-10-21,2025-10-21 14:54:00,600015.SH,S,6.870,262
1131,60,2025-10-21,2025-10-21 14:54:00,600015.SH,S,6.870,700
1132,60,2025-10-21,2025-10-21 14:54:00,600015.SH,S,6.870,400
1133,60,2025-10-21,2025-10-21 14:54:01,601328.SH,S,7.050,3400
1134,60,2025-10-21,2025-10-21 14:54:00,600015.SH,S,6.870,300
1135,60,2025-10-21,2025-10-21 14:54:00,002158.SZ,B,25.500,400
1136,60,2025-10-21,2025-10-21 14:54:00,600015.SH,S,6.870,38
1137,60,2025-10-21,2025-10-21 14:54:00,002158.SZ,B,25.500,200
1138,44,2025-10-21,2025-10-21 14:54:00,000553.SZ,S,6.570,300
1139,58,2025-10-21,2025-10-21 14:54:00,603319.SH,B,37.400,200
1140,44,2025-10-21,2025-10-21 14:54:00,002596.SZ,S,4.170,200
1141,44,2025-10-21,2025-10-21 14:54:00,600292.SH,S,12.090,300
1142,60,2025-10-21,2025-10-21 14:53:59,600926.SH,B,16.390,100
1143,60,2025-10-21,2025-10-21 14:53:59,600926.SH,B,16.390,800
1144,60,2025-10-21,2025-10-21 14:53:59,600926.SH,B,16.390,1000
1145,60,2025-10-21,2025-10-21 14:53:59,002385.SZ,S,4.130,12100
1146,60,2025-10-21,2025-10-21 14:53:59,600926.SH,B,16.390,700
1147,44,2025-10-21,2025-10-21 14:53:58,601872.SH,B,8.740,300
1148,60,2025-10-21,2025-10-21 14:53:59,000932.SZ,S,5.970,100
1149,60,2025-10-21,2025-10-21 14:53:59,000932.SZ,S,5.970,1100
1150,60,2025-10-21,2025-10-21 14:53:58,600025.SH,B,10.000,300
1151,60,2025-10-21,2025-10-21 14:53:58,600025.SH,B,10.000,1100
1152,60,2025-10-21,2025-10-21 14:53:58,300750.SZ,S,375.980,100
1153,60,2025-10-21,2025-10-21 14:53:58,600025.SH,B,10.000,1200
1154,60,2025-10-21,2025-10-21 14:53:57,300750.SZ,S,375.980,100
1155,60,2025-10-21,2025-10-21 14:53:58,300308.SZ,B,440.280,100
1156,60,2025-10-21,2025-10-21 14:53:57,300750.SZ,S,375.980,200
1157,44,2025-10-21,2025-10-21 14:53:56,603636.SH,S,11.720,100
1158,61,2025-10-21,2025-10-21 14:53:54,000811.SZ,B,13.600,100
1159,44,2025-10-21,2025-10-21 14:53:51,300572.SZ,B,30.490,100
1160,60,2025-10-21,2025-10-21 14:53:52,003019.SZ,B,33.600,100
1161,60,2025-10-21,2025-10-21 14:53:51,603992.SH,S,27.810,200
1162,60,2025-10-21,2025-10-21 14:53:51,603992.SH,S,27.810,200
1163,60,2025-10-21,2025-10-21 14:53:50,688041.SH,S,237.000,62
1164,44,2025-10-21,2025-10-21 14:53:50,603212.SH,B,11.250,700
1165,60,2025-10-21,2025-10-21 14:53:50,002240.SZ,B,19.310,800
1166,60,2025-10-21,2025-10-21 14:53:50,002240.SZ,B,19.310,400
1167,60,2025-10-21,2025-10-21 14:53:49,688041.SH,S,237.000,138
1168,44,2025-10-21,2025-10-21 14:53:49,002824.SZ,B,18.830,200
1169,58,2025-10-21,2025-10-21 14:53:48,300933.SZ,S,9.940,900
1170,44,2025-10-21,2025-10-21 14:53:47,300190.SZ,S,4.390,100
1171,44,2025-10-21,2025-10-21 14:53:47,600742.SH,S,9.590,200
1172,44,2025-10-21,2025-10-21 14:53:46,002728.SZ,B,10.070,300
1173,44,2025-10-21,2025-10-21 14:53:45,688548.SH,S,12.650,100
1174,52,2025-10-21,2025-10-21 14:53:13,300933.SZ,S,9.940,400
1175,44,2025-10-21,2025-10-21 14:53:45,600742.SH,S,9.590,100
1176,60,2025-10-21,2025-10-21 14:53:43,002322.SZ,S,12.940,200
1177,44,2025-10-21,2025-10-21 14:53:42,600742.SH,S,9.590,200
1178,44,2025-10-21,2025-10-21 14:53:42,688499.SH,B,59.290,74
1179,44,2025-10-21,2025-10-21 14:53:42,688499.SH,B,59.290,126
1180,44,2025-10-21,2025-10-21 14:53:42,000547.SZ,S,7.640,1100
1181,44,2025-10-21,2025-10-21 14:53:41,600742.SH,S,9.590,300
1182,44,2025-10-21,2025-10-21 14:53:41,300913.SZ,B,52.330,100
1183,60,2025-10-21,2025-10-21 14:53:40,300841.SZ,B,74.670,100
1184,44,2025-10-21,2025-10-21 14:53:40,603212.SH,B,11.250,100
1185,60,2025-10-21,2025-10-21 14:53:39,002736.SZ,S,13.840,500
1186,44,2025-10-21,2025-10-21 14:53:39,688226.SH,S,44.540,200
1187,44,2025-10-21,2025-10-21 14:53:38,603906.SH,B,15.590,100
1188,44,2025-10-21,2025-10-21 14:53:38,600742.SH,S,9.590,100
1189,60,2025-10-21,2025-10-21 14:53:38,002415.SZ,B,32.570,100
1190,60,2025-10-21,2025-10-21 14:53:37,300138.SZ,B,14.960,100
1191,44,2025-10-21,2025-10-21 14:53:35,300420.SZ,S,4.010,100
1192,44,2025-10-21,2025-10-21 14:53:35,300420.SZ,S,4.010,200
1193,44,2025-10-21,2025-10-21 14:53:35,300420.SZ,S,4.010,100
1194,44,2025-10-21,2025-10-21 14:53:35,300420.SZ,S,4.010,100
1195,60,2025-10-21,2025-10-21 14:53:35,300007.SZ,B,55.260,100
1196,44,2025-10-21,2025-10-21 14:53:33,002379.SZ,S,19.410,200
1197,60,2025-10-21,2025-10-21 14:53:32,300718.SZ,B,85.830,100
1198,44,2025-10-21,2025-10-21 14:53:31,300962.SZ,B,17.270,100
1199,60,2025-10-21,2025-10-21 14:53:30,300972.SZ,S,198.860,100
1200,44,2025-10-21,2025-10-21 14:53:29,002887.SZ,S,9.860,100
1201,60,2025-10-21,2025-10-21 14:53:27,603105.SH,S,9.350,100
1202,60,2025-10-21,2025-10-21 14:53:27,300260.SZ,B,60.360,100
1203,60,2025-10-21,2025-10-21 14:53:27,300260.SZ,B,60.360,200
1204,44,2025-10-21,2025-10-21 14:53:27,301149.SZ,B,10.730,100
1205,44,2025-10-21,2025-10-21 14:53:26,688389.SH,S,13.890,258
1206,44,2025-10-21,2025-10-21 14:53:26,002846.SZ,B,17.290,200
1207,44,2025-10-21,2025-10-21 14:53:26,300092.SZ,S,16.910,100
1208,44,2025-10-21,2025-10-21 14:53:25,002617.SZ,S,8.430,700
1209,60,2025-10-21,2025-10-21 14:53:25,000600.SZ,S,9.550,1200
1210,60,2025-10-21,2025-10-21 14:53:24,000425.SZ,B,11.180,1500
1211,60,2025-10-21,2025-10-21 14:53:25,300769.SZ,S,40.320,100
1212,60,2025-10-21,2025-10-21 14:53:24,301511.SZ,S,31.540,300
1213,52,2025-10-21,2025-10-21 14:53:20,600496.SH,S,4.260,200
1214,44,2025-10-21,2025-10-21 14:53:24,300409.SZ,B,23.380,400
1215,44,2025-10-21,2025-10-21 14:53:24,300409.SZ,B,23.380,100
1216,44,2025-10-21,2025-10-21 14:53:24,300369.SZ,S,7.730,700
1217,44,2025-10-21,2025-10-21 14:53:24,300369.SZ,S,7.730,700
1218,60,2025-10-21,2025-10-21 14:53:24,300369.SZ,S,7.730,200
1219,44,2025-10-21,2025-10-21 14:53:23,002353.SZ,B,52.740,100
1220,60,2025-10-21,2025-10-21 14:53:22,601186.SH,S,8.070,700
1221,60,2025-10-21,2025-10-21 14:53:22,600031.SH,S,22.850,300
1222,44,2025-10-21,2025-10-21 14:53:22,002353.SZ,B,52.740,100
1223,44,2025-10-21,2025-10-21 14:53:22,600292.SH,S,12.080,400
1224,60,2025-10-21,2025-10-21 14:53:21,603992.SH,S,27.800,200
1225,61,2025-10-21,2025-10-21 14:53:21,603319.SH,B,37.380,100
1226,44,2025-10-21,2025-10-21 14:53:21,603319.SH,B,37.400,100
1227,44,2025-10-21,2025-10-21 14:53:21,300648.SZ,B,40.070,100
1228,44,2025-10-21,2025-10-21 14:53:20,605378.SH,B,24.240,200
1229,44,2025-10-21,2025-10-21 14:53:20,300217.SZ,S,5.300,1400
1230,44,2025-10-21,2025-10-21 14:53:20,605378.SH,B,24.240,100
1231,44,2025-10-21,2025-10-21 14:53:19,002590.SZ,S,13.610,200
1232,44,2025-10-21,2025-10-21 14:53:18,301007.SZ,B,40.000,100
1233,44,2025-10-21,2025-10-21 14:53:18,605378.SH,B,24.240,100
1234,44,2025-10-21,2025-10-21 14:53:18,300158.SZ,S,6.960,100
1235,44,2025-10-21,2025-10-21 14:53:16,301007.SZ,B,40.000,100
1236,61,2025-10-21,2025-10-21 14:53:16,002733.SZ,B,20.350,300
1237,44,2025-10-21,2025-10-21 14:53:16,300963.SZ,B,21.910,100
1238,44,2025-10-21,2025-10-21 14:53:15,300872.SZ,B,22.270,200
1239,44,2025-10-21,2025-10-21 14:53:15,300963.SZ,B,21.910,200
1240,44,2025-10-21,2025-10-21 14:53:15,300872.SZ,B,22.270,200
1241,44,2025-10-21,2025-10-21 14:53:15,300872.SZ,B,22.270,200
1242,60,2025-10-21,2025-10-21 14:53:15,601169.SH,S,5.710,900
1243,44,2025-10-21,2025-10-21 14:53:14,000555.SZ,B,13.090,300
1244,44,2025-10-21,2025-10-21 14:53:14,300769.SZ,S,40.320,900
1245,60,2025-10-21,2025-10-21 14:53:13,000552.SZ,S,2.700,2200
1246,44,2025-10-21,2025-10-21 14:53:13,600973.SH,S,5.420,200
1247,44,2025-10-21,2025-10-21 14:53:12,300878.SZ,B,23.810,100
1248,60,2025-10-21,2025-10-21 14:53:12,000858.SZ,B,120.590,100
1249,52,2025-10-21,2025-10-21 14:53:12,002046.SZ,S,28.110,100
1250,44,2025-10-21,2025-10-21 14:53:12,003022.SZ,B,19.530,100
1251,44,2025-10-21,2025-10-21 14:53:11,002623.SZ,B,19.880,200
1252,61,2025-10-21,2025-10-21 14:53:11,688484.SH,B,45.010,446
1253,44,2025-10-21,2025-10-21 14:53:10,688475.SH,B,30.740,200
1254,44,2025-10-21,2025-10-21 14:53:11,600973.SH,S,5.420,1300
1255,60,2025-10-21,2025-10-21 14:53:10,601163.SH,S,14.190,400
1256,44,2025-10-21,2025-10-21 14:53:09,000550.SZ,S,21.790,200
1257,59,2025-10-21,2025-10-21 14:53:09,000957.SZ,S,12.460,400
1258,44,2025-10-21,2025-10-21 14:53:09,601019.SH,S,7.710,100
1259,60,2025-10-21,2025-10-21 14:53:09,601963.SH,S,10.290,500
1260,60,2025-10-21,2025-10-21 14:53:09,601880.SH,B,1.800,200
1261,44,2025-10-21,2025-10-21 14:53:07,002080.SZ,B,31.600,200
1262,44,2025-10-21,2025-10-21 14:53:07,601019.SH,S,7.710,300
1263,44,2025-10-21,2025-10-21 14:53:07,002079.SZ,S,10.300,400
1264,44,2025-10-21,2025-10-21 14:53:05,688097.SH,B,32.770,300
1265,44,2025-10-21,2025-10-21 14:53:04,600100.SH,S,7.790,500
1266,44,2025-10-21,2025-10-21 14:53:04,002361.SZ,S,6.440,300
1267,44,2025-10-21,2025-10-21 14:53:04,002361.SZ,S,6.440,400
1268,44,2025-10-21,2025-10-21 14:53:04,300722.SZ,B,30.690,100
1269,44,2025-10-21,2025-10-21 14:53:04,300722.SZ,B,30.690,100
1270,61,2025-10-21,2025-10-21 14:53:03,300682.SZ,B,18.410,300
1271,59,2025-10-21,2025-10-21 14:53:03,003016.SZ,S,8.520,600
1272,44,2025-10-21,2025-10-21 14:53:03,688006.SH,B,32.240,200
1273,44,2025-10-21,2025-10-21 14:53:03,600397.SH,S,7.650,200
1274,44,2025-10-21,2025-10-21 14:53:03,600397.SH,S,7.650,400
1275,44,2025-10-21,2025-10-21 14:53:03,600397.SH,S,7.650,200
1276,60,2025-10-21,2025-10-21 14:53:03,600011.SH,B,7.500,300
1277,59,2025-10-21,2025-10-21 14:53:02,003016.SZ,S,8.520,500
1278,44,2025-10-21,2025-10-21 14:53:01,000719.SZ,S,12.260,100
1279,44,2025-10-21,2025-10-21 14:53:00,600894.SH,S,10.050,400
1280,44,2025-10-21,2025-10-21 14:53:00,688005.SH,B,26.250,200
1281,44,2025-10-21,2025-10-21 14:53:00,600167.SH,B,9.020,700
1282,59,2025-10-21,2025-10-21 14:52:59,003016.SZ,S,8.520,200
1283,63,2025-10-21,2025-10-21 14:52:59,003016.SZ,S,8.520,100
1284,63,2025-10-21,2025-10-21 14:52:59,003016.SZ,S,8.520,300
1285,61,2025-10-21,2025-10-21 14:52:59,003016.SZ,S,8.520,200
1286,63,2025-10-21,2025-10-21 14:52:59,003016.SZ,S,8.520,300
1287,61,2025-10-21,2025-10-21 14:52:59,003016.SZ,S,8.520,500
1288,61,2025-10-21,2025-10-21 14:52:59,003016.SZ,S,8.520,400
1289,44,2025-10-21,2025-10-21 14:52:58,688223.SH,S,5.470,1000
1290,44,2025-10-21,2025-10-21 14:52:58,688223.SH,S,5.470,400
1291,60,2025-10-21,2025-10-21 14:52:58,301526.SZ,S,6.050,300
1292,61,2025-10-21,2025-10-21 14:52:58,003016.SZ,S,8.520,1800
1293,61,2025-10-21,2025-10-21 14:52:57,003016.SZ,S,8.520,700
1294,61,2025-10-21,2025-10-21 14:52:58,000592.SZ,S,3.950,1300
1295,44,2025-10-21,2025-10-21 14:52:57,300647.SZ,S,6.580,400
1296,44,2025-10-21,2025-10-21 14:52:55,600459.SH,S,16.190,200
1297,61,2025-10-21,2025-10-21 14:52:54,688484.SH,B,45.020,200
1298,61,2025-10-21,2025-10-21 14:52:55,002212.SZ,B,9.400,100
1299,60,2025-10-21,2025-10-21 14:52:54,601127.SH,B,157.720,100
1300,44,2025-10-21,2025-10-21 14:52:53,300453.SZ,B,9.250,200
1301,60,2025-10-21,2025-10-21 14:52:53,300436.SZ,S,118.420,100
1302,44,2025-10-21,2025-10-21 14:52:53,300647.SZ,S,6.580,400
1303,60,2025-10-21,2025-10-21 14:52:52,300990.SZ,B,74.290,100
1304,60,2025-10-21,2025-10-21 14:52:52,600688.SH,S,2.770,3600
1305,60,2025-10-21,2025-10-21 14:52:52,300990.SZ,B,74.290,100
1306,60,2025-10-21,2025-10-21 14:52:51,000960.SZ,B,22.580,100
1307,60,2025-10-21,2025-10-21 14:52:51,000960.SZ,B,22.580,100
1308,60,2025-10-21,2025-10-21 14:52:50,300110.SZ,S,3.380,1300
1309,44,2025-10-21,2025-10-21 14:52:49,002878.SZ,B,17.600,100
1310,63,2025-10-21,2025-10-21 14:52:50,601229.SH,S,9.590,200
1311,52,2025-10-21,2025-10-21 14:52:49,002813.SZ,S,27.990,200
1312,44,2025-10-21,2025-10-21 14:52:46,688180.SH,B,39.020,200
1313,60,2025-10-21,2025-10-21 14:52:45,600010.SH,B,2.670,3500
1314,44,2025-10-21,2025-10-21 14:52:43,300436.SZ,S,118.400,100
1315,63,2025-10-21,2025-10-21 14:52:44,003016.SZ,S,8.520,700
1316,60,2025-10-21,2025-10-21 14:52:44,600757.SH,S,8.730,100
1317,61,2025-10-21,2025-10-21 14:52:44,003016.SZ,S,8.520,3200
1318,44,2025-10-21,2025-10-21 14:52:41,002998.SZ,B,8.520,400
1319,60,2025-10-21,2025-10-21 14:52:40,000547.SZ,S,7.640,100
1320,44,2025-10-21,2025-10-21 14:52:39,600983.SH,S,10.670,400
1321,60,2025-10-21,2025-10-21 14:52:39,600968.SH,B,4.020,1700
1322,44,2025-10-21,2025-10-21 14:52:39,688573.SH,B,25.980,100
1323,60,2025-10-21,2025-10-21 14:52:38,600019.SH,S,7.170,900
1324,59,2025-10-21,2025-10-21 14:52:38,003016.SZ,S,8.520,300
1325,44,2025-10-21,2025-10-21 14:52:37,003006.SZ,B,23.020,100
1326,60,2025-10-21,2025-10-21 14:52:37,601126.SH,B,26.400,200
1327,60,2025-10-21,2025-10-21 14:52:38,600019.SH,S,7.170,400
1328,60,2025-10-21,2025-10-21 14:52:37,300666.SZ,B,93.150,100
1329,60,2025-10-21,2025-10-21 14:52:37,601869.SH,B,87.860,100
1330,60,2025-10-21,2025-10-21 14:52:36,600019.SH,S,7.170,2300
1331,59,2025-10-21,2025-10-21 14:52:36,003016.SZ,S,8.520,100
1332,60,2025-10-21,2025-10-21 14:52:36,300328.SZ,B,15.410,200
1333,60,2025-10-21,2025-10-21 14:52:36,300328.SZ,B,15.410,200
1334,44,2025-10-21,2025-10-21 14:52:35,600251.SH,S,8.800,100
1335,60,2025-10-21,2025-10-21 14:52:34,601099.SH,S,4.490,200
1336,60,2025-10-21,2025-10-21 14:52:34,300328.SZ,B,15.410,300
1337,60,2025-10-21,2025-10-21 14:52:34,600019.SH,S,7.170,1900
1338,59,2025-10-21,2025-10-21 14:52:34,003016.SZ,S,8.520,1000
1339,60,2025-10-21,2025-10-21 14:52:34,600741.SH,B,19.690,100
1340,60,2025-10-21,2025-10-21 14:52:33,300747.SZ,B,25.760,200
1341,44,2025-10-21,2025-10-21 14:52:33,300072.SZ,S,3.980,700
1342,52,2025-10-21,2025-10-21 14:46:17,002638.SZ,B,2.760,400
1343,44,2025-10-21,2025-10-21 14:52:32,301306.SZ,B,54.050,100
1344,60,2025-10-21,2025-10-21 14:52:31,300747.SZ,B,25.760,100
1345,60,2025-10-21,2025-10-21 14:52:31,601121.SH,S,7.220,500
1346,58,2025-10-21,2025-10-21 14:52:31,600988.SH,B,29.510,300
1347,58,2025-10-21,2025-10-21 14:52:31,600988.SH,B,29.510,500
1348,58,2025-10-21,2025-10-21 14:52:31,600988.SH,B,29.510,200
1349,58,2025-10-21,2025-10-21 14:52:31,600988.SH,B,29.510,400
1350,58,2025-10-21,2025-10-21 14:52:31,600988.SH,B,29.510,200
1351,58,2025-10-21,2025-10-21 14:52:31,600988.SH,B,29.510,100
1352,44,2025-10-21,2025-10-21 14:52:30,688573.SH,B,25.980,100
1353,44,2025-10-21,2025-10-21 14:52:31,600452.SH,S,9.480,300
1354,60,2025-10-21,2025-10-21 14:52:31,300259.SZ,S,3.970,1600
1355,59,2025-10-21,2025-10-21 14:52:29,003019.SZ,B,33.610,100
1356,59,2025-10-21,2025-10-21 14:52:29,003019.SZ,B,33.610,100
1357,44,2025-10-21,2025-10-21 14:52:30,300072.SZ,S,3.980,1100
1358,60,2025-10-21,2025-10-21 14:52:29,600246.SH,B,11.880,200
1359,60,2025-10-21,2025-10-21 14:52:28,300911.SZ,B,40.520,100
1360,44,2025-10-21,2025-10-21 14:52:28,688093.SH,B,37.510,183
1361,44,2025-10-21,2025-10-21 14:52:28,688093.SH,B,37.510,17
1362,44,2025-10-21,2025-10-21 14:52:28,601949.SH,S,6.690,1000
1363,60,2025-10-21,2025-10-21 14:52:27,000333.SZ,S,72.860,100
1364,44,2025-10-21,2025-10-21 14:52:26,600963.SH,S,4.620,100
1365,58,2025-10-21,2025-10-21 14:52:24,600868.SH,S,3.130,2900
1366,58,2025-10-21,2025-10-21 14:52:24,600868.SH,S,3.130,6000
1367,44,2025-10-21,2025-10-21 14:52:23,301330.SZ,B,31.610,100
1368,44,2025-10-21,2025-10-21 14:52:23,600609.SH,S,4.650,900
1369,60,2025-10-21,2025-10-21 14:52:22,002318.SZ,S,25.460,100
1370,44,2025-10-21,2025-10-21 14:52:22,301397.SZ,B,37.020,200
1371,60,2025-10-21,2025-10-21 14:52:21,000682.SZ,S,11.930,100
1372,60,2025-10-21,2025-10-21 14:52:21,300911.SZ,B,40.480,100
1373,44,2025-10-21,2025-10-21 14:52:20,002079.SZ,S,10.290,100
1374,44,2025-10-21,2025-10-21 14:52:20,002079.SZ,S,10.290,100
1375,44,2025-10-21,2025-10-21 14:52:20,300911.SZ,B,40.530,100
1376,44,2025-10-21,2025-10-21 14:52:20,002079.SZ,S,10.290,100
1377,44,2025-10-21,2025-10-21 14:52:20,002079.SZ,S,10.290,100
1378,44,2025-10-21,2025-10-21 14:52:20,002079.SZ,S,10.290,100
1379,52,2025-10-21,2025-10-21 14:51:25,300682.SZ,B,18.400,400
1380,60,2025-10-21,2025-10-21 14:52:19,003022.SZ,S,19.520,200
1381,44,2025-10-21,2025-10-21 14:52:18,300590.SZ,S,11.550,100
1382,60,2025-10-21,2025-10-21 14:52:18,601111.SH,S,8.510,1200
1383,44,2025-10-21,2025-10-21 14:52:16,601928.SH,S,10.600,200
1384,44,2025-10-21,2025-10-21 14:52:16,600397.SH,S,7.650,800
1385,44,2025-10-21,2025-10-21 14:52:14,301330.SZ,B,31.600,100
1386,44,2025-10-21,2025-10-21 14:52:14,001914.SZ,B,11.290,100
1387,44,2025-10-21,2025-10-21 14:52:13,600237.SH,S,7.310,200
1388,60,2025-10-21,2025-10-21 14:52:12,002299.SZ,S,16.850,200
1389,44,2025-10-21,2025-10-21 14:52:10,300997.SZ,B,16.970,200
1390,44,2025-10-21,2025-10-21 14:52:10,002350.SZ,S,7.510,500
1391,44,2025-10-21,2025-10-21 14:52:09,000757.SZ,S,5.760,100
1392,44,2025-10-21,2025-10-21 14:52:07,002263.SZ,B,3.630,500
1393,60,2025-10-21,2025-10-21 14:52:07,002222.SZ,B,44.500,100
1394,52,2025-10-21,2025-10-21 14:52:07,600732.SH,B,16.090,200
1395,44,2025-10-21,2025-10-21 14:52:06,300304.SZ,S,12.190,100
1396,63,2025-10-21,2025-10-21 14:52:05,600326.SH,B,12.290,400
1397,44,2025-10-21,2025-10-21 14:52:04,300363.SZ,B,24.690,200
1398,44,2025-10-21,2025-10-21 14:52:04,300363.SZ,B,24.690,100
1399,63,2025-10-21,2025-10-21 14:52:05,000021.SZ,B,28.310,500
1400,60,2025-10-21,2025-10-21 14:52:05,000021.SZ,B,28.310,600
1401,44,2025-10-21,2025-10-21 14:52:04,000060.SZ,S,5.660,1200
1402,44,2025-10-21,2025-10-21 14:52:03,000521.SZ,S,7.120,100
1403,58,2025-10-21,2025-10-21 14:52:03,600326.SH,B,12.290,400
1404,60,2025-10-21,2025-10-21 14:52:03,002736.SZ,S,13.830,400
1405,44,2025-10-21,2025-10-21 14:52:00,600596.SH,B,9.870,800
1406,44,2025-10-21,2025-10-21 14:52:00,600905.SH,S,4.300,100
1407,44,2025-10-21,2025-10-21 14:51:59,300682.SZ,B,18.410,100
1408,44,2025-10-21,2025-10-21 14:51:59,300682.SZ,B,18.410,100
1409,44,2025-10-21,2025-10-21 14:51:59,300682.SZ,B,18.410,100
1410,44,2025-10-21,2025-10-21 14:52:00,688232.SH,S,27.030,81
1411,44,2025-10-21,2025-10-21 14:51:58,600163.SH,S,5.270,900
1412,44,2025-10-21,2025-10-21 14:51:58,603569.SH,B,8.640,200
1413,44,2025-10-21,2025-10-21 14:51:58,000060.SZ,S,5.660,800
1414,52,2025-10-21,2025-10-21 14:49:26,000957.SZ,S,12.470,400
1415,60,2025-10-21,2025-10-21 14:51:56,000708.SZ,S,13.690,100
1416,44,2025-10-21,2025-10-21 14:51:55,688232.SH,S,27.030,119
1417,44,2025-10-21,2025-10-21 14:51:55,300587.SZ,B,7.550,100
1418,52,2025-10-21,2025-10-21 14:51:18,301607.SZ,B,44.260,100
1419,44,2025-10-21,2025-10-21 14:51:53,002048.SZ,B,32.310,100
1420,60,2025-10-21,2025-10-21 14:51:52,601618.SH,B,3.720,1500
1421,44,2025-10-21,2025-10-21 14:51:51,603889.SH,B,7.910,600
1422,44,2025-10-21,2025-10-21 14:51:51,603799.SH,B,62.590,100
1423,44,2025-10-21,2025-10-21 14:51:50,600827.SH,S,9.110,700
1424,44,2025-10-21,2025-10-21 14:51:50,688376.SH,B,44.580,200
1425,44,2025-10-21,2025-10-21 14:51:50,301039.SZ,S,9.620,500
1426,60,2025-10-21,2025-10-21 14:51:51,600089.SH,B,19.850,400
1427,60,2025-10-21,2025-10-21 14:51:50,002468.SZ,S,15.640,300
1428,60,2025-10-21,2025-10-21 14:51:50,002468.SZ,S,15.640,200
1429,60,2025-10-21,2025-10-21 14:51:50,601163.SH,S,14.180,300
1430,63,2025-10-21,2025-10-21 14:51:49,002475.SZ,B,61.060,200
1431,61,2025-10-21,2025-10-21 14:51:49,600239.SH,B,2.720,100
1432,59,2025-10-21,2025-10-21 14:51:48,600496.SH,S,4.260,200
1433,44,2025-10-21,2025-10-21 14:51:47,688772.SH,B,25.860,200
1434,63,2025-10-21,2025-10-21 14:51:48,600496.SH,S,4.260,2200
1435,61,2025-10-21,2025-10-21 14:51:48,600496.SH,S,4.260,200
1436,61,2025-10-21,2025-10-21 14:51:47,603300.SH,B,7.240,300
1437,44,2025-10-21,2025-10-21 14:51:46,002865.SZ,B,40.390,100
1438,61,2025-10-21,2025-10-21 14:51:46,603917.SH,S,15.320,300
1439,61,2025-10-21,2025-10-21 14:51:46,301216.SZ,B,19.330,300
1440,58,2025-10-21,2025-10-21 14:51:45,688319.SH,B,23.320,112
1441,44,2025-10-21,2025-10-21 14:51:45,002498.SZ,S,3.700,2500
1442,58,2025-10-21,2025-10-21 14:51:45,688319.SH,B,23.320,448
1443,58,2025-10-21,2025-10-21 14:51:45,688319.SH,B,23.320,69
1444,44,2025-10-21,2025-10-21 14:51:41,300457.SZ,B,30.700,200
1445,44,2025-10-21,2025-10-21 14:51:42,000650.SZ,B,6.210,300
1446,44,2025-10-21,2025-10-21 14:51:42,000650.SZ,B,6.210,700
1447,60,2025-10-21,2025-10-21 14:51:42,301307.SZ,B,30.500,300
1448,58,2025-10-21,2025-10-21 14:51:34,600490.SH,S,8.580,300
1449,44,2025-10-21,2025-10-21 14:51:40,002815.SZ,B,13.710,100
1450,58,2025-10-21,2025-10-21 14:51:40,000592.SZ,S,3.940,1500
1451,44,2025-10-21,2025-10-21 14:51:39,002987.SZ,B,20.680,100
1452,60,2025-10-21,2025-10-21 14:51:39,600675.SH,S,3.090,7700
1453,60,2025-10-21,2025-10-21 14:51:39,600089.SH,B,19.850,200
1454,44,2025-10-21,2025-10-21 14:51:35,688334.SH,S,21.140,200
1455,44,2025-10-21,2025-10-21 14:51:36,002817.SZ,S,7.930,200
1456,58,2025-10-21,2025-10-21 14:51:34,600490.SH,S,8.580,100
1457,52,2025-10-21,2025-10-21 14:51:34,002212.SZ,B,9.400,400
1458,44,2025-10-21,2025-10-21 14:51:34,603950.SH,B,37.740,200
1459,60,2025-10-21,2025-10-21 14:51:33,002965.SZ,B,39.380,100
1460,60,2025-10-21,2025-10-21 14:51:33,000045.SZ,B,13.730,100
1461,61,2025-10-21,2025-10-21 14:51:33,002269.SZ,S,2.350,200
1462,60,2025-10-21,2025-10-21 14:51:33,601009.SH,S,11.450,300
1463,61,2025-10-21,2025-10-21 14:51:32,300997.SZ,B,16.970,100
1464,44,2025-10-21,2025-10-21 14:51:33,603100.SH,S,23.140,100
1465,44,2025-10-21,2025-10-21 14:51:33,603100.SH,S,23.140,100
1466,44,2025-10-21,2025-10-21 14:51:33,002357.SZ,B,9.900,400
1467,44,2025-10-21,2025-10-21 14:51:31,601163.SH,S,14.180,200
1468,60,2025-10-21,2025-10-21 14:51:30,002965.SZ,B,39.380,100
1469,44,2025-10-21,2025-10-21 14:51:29,002204.SZ,S,6.870,100
1470,60,2025-10-21,2025-10-21 14:51:26,002378.SZ,S,12.060,100
1471,52,2025-10-21,2025-10-21 14:51:01,300328.SZ,B,15.390,300
1472,60,2025-10-21,2025-10-21 14:51:25,603565.SH,S,10.970,100
1473,60,2025-10-21,2025-10-21 14:51:25,603132.SH,S,14.080,100
1474,60,2025-10-21,2025-10-21 14:51:25,002938.SZ,B,51.620,200
1475,60,2025-10-21,2025-10-21 14:51:24,002938.SZ,B,51.620,100
1476,58,2025-10-21,2025-10-21 14:51:24,600345.SH,B,27.260,200
1477,44,2025-10-21,2025-10-21 14:51:23,600104.SH,B,16.500,200
1478,60,2025-10-21,2025-10-21 14:51:22,002415.SZ,B,32.540,100
1479,60,2025-10-21,2025-10-21 14:51:21,002008.SZ,S,36.610,100
1480,58,2025-10-21,2025-10-21 14:51:21,300682.SZ,B,18.400,200
1481,44,2025-10-21,2025-10-21 14:51:22,300815.SZ,B,24.690,200
1482,59,2025-10-21,2025-10-21 14:51:21,300682.SZ,B,18.400,200
1483,58,2025-10-21,2025-10-21 14:51:19,603917.SH,S,15.340,200
1484,60,2025-10-21,2025-10-21 14:51:19,603799.SH,B,62.590,200
1485,44,2025-10-21,2025-10-21 14:51:19,600970.SH,S,9.550,400
1486,44,2025-10-21,2025-10-21 14:51:19,601218.SH,B,5.740,2200
1487,44,2025-10-21,2025-10-21 14:51:18,605268.SH,B,10.190,100
1488,60,2025-10-21,2025-10-21 14:51:19,600095.SH,B,12.360,200
1489,44,2025-10-21,2025-10-21 14:51:17,688609.SH,B,9.620,200
1490,60,2025-10-21,2025-10-21 14:51:17,600095.SH,B,12.360,100
1491,60,2025-10-21,2025-10-21 14:51:17,300395.SZ,S,79.970,200
1492,58,2025-10-21,2025-10-21 14:51:16,300348.SZ,B,14.350,400
1493,52,2025-10-21,2025-10-21 14:51:01,300328.SZ,B,15.390,100
1494,60,2025-10-21,2025-10-21 14:51:17,600988.SH,S,29.510,200
1495,60,2025-10-21,2025-10-21 14:51:16,600988.SH,S,29.510,100
1496,60,2025-10-21,2025-10-21 14:51:16,600095.SH,B,12.360,2200
1497,59,2025-10-21,2025-10-21 14:51:14,300997.SZ,B,16.970,200
1498,52,2025-10-21,2025-10-21 14:50:42,002723.SZ,B,8.230,400
1499,60,2025-10-21,2025-10-21 14:51:15,600732.SH,B,16.090,200
1500,44,2025-10-21,2025-10-21 14:51:14,300415.SZ,B,23.900,600
1501,58,2025-10-21,2025-10-21 14:51:14,300153.SZ,B,33.650,100
1502,60,2025-10-21,2025-10-21 14:51:13,300014.SZ,B,78.550,500
1503,44,2025-10-21,2025-10-21 14:51:13,002240.SZ,B,19.300,300
1504,44,2025-10-21,2025-10-21 14:51:13,002657.SZ,B,32.480,100
1505,44,2025-10-21,2025-10-21 14:51:13,002240.SZ,B,19.300,100
1506,44,2025-10-21,2025-10-21 14:51:13,002240.SZ,B,19.300,300
1507,59,2025-10-21,2025-10-21 14:51:13,300229.SZ,B,19.740,900
1508,60,2025-10-21,2025-10-21 14:51:12,002690.SZ,B,19.790,600
1509,44,2025-10-21,2025-10-21 14:51:12,600099.SH,S,10.930,100
1510,44,2025-10-21,2025-10-21 14:51:12,600099.SH,S,10.930,100
1511,58,2025-10-21,2025-10-21 14:51:12,300827.SZ,B,29.980,100
1512,44,2025-10-21,2025-10-21 14:51:12,605128.SH,B,41.900,100
1513,61,2025-10-21,2025-10-21 14:51:11,600619.SH,B,21.470,100
1514,60,2025-10-21,2025-10-21 14:51:11,600619.SH,B,21.470,100
1515,60,2025-10-21,2025-10-21 14:51:11,600619.SH,B,21.470,100
1516,60,2025-10-21,2025-10-21 14:51:11,600619.SH,B,21.470,200
1517,60,2025-10-21,2025-10-21 14:51:11,600619.SH,B,21.470,100
1518,60,2025-10-21,2025-10-21 14:51:11,600619.SH,B,21.470,100
1519,60,2025-10-21,2025-10-21 14:51:12,000598.SZ,B,6.940,1700
1520,60,2025-10-21,2025-10-21 14:51:11,600256.SH,B,5.330,2500
1521,61,2025-10-21,2025-10-21 14:51:11,300468.SZ,B,37.620,100
1522,44,2025-10-21,2025-10-21 14:51:11,688627.SH,S,155.230,200
1523,44,2025-10-21,2025-10-21 14:51:12,300855.SZ,B,28.530,100
1524,60,2025-10-21,2025-10-21 14:51:11,002415.SZ,B,32.540,100
1525,61,2025-10-21,2025-10-21 14:51:10,601872.SH,B,8.730,100
1526,60,2025-10-21,2025-10-21 14:51:10,601969.SH,S,9.410,300
1527,58,2025-10-21,2025-10-21 14:51:09,300827.SZ,B,29.980,100
1528,44,2025-10-21,2025-10-21 14:51:09,600675.SH,S,3.090,1800
1529,60,2025-10-21,2025-10-21 14:51:09,600256.SH,B,5.330,600
1530,61,2025-10-21,2025-10-21 14:51:09,600256.SH,B,5.330,100
1531,44,2025-10-21,2025-10-21 14:51:07,600757.SH,S,8.730,500
1532,44,2025-10-21,2025-10-21 14:51:07,002707.SZ,S,7.000,600
1533,59,2025-10-21,2025-10-21 14:51:07,300933.SZ,S,9.950,400
1534,60,2025-10-21,2025-10-21 14:51:06,300005.SZ,S,8.470,1100
1535,60,2025-10-21,2025-10-21 14:51:06,300005.SZ,S,8.470,400
1536,44,2025-10-21,2025-10-21 14:51:05,601208.SH,B,19.260,400
1537,44,2025-10-21,2025-10-21 14:51:05,002668.SZ,S,9.720,400
1538,44,2025-10-21,2025-10-21 14:51:04,600331.SH,B,9.930,300
1539,44,2025-10-21,2025-10-21 14:51:04,600987.SH,S,7.250,100
1540,44,2025-10-21,2025-10-21 14:51:04,600331.SH,B,9.930,500
1541,44,2025-10-21,2025-10-21 14:51:04,000639.SZ,B,3.140,300
1542,60,2025-10-21,2025-10-21 14:51:03,002293.SZ,S,8.810,200
1543,52,2025-10-21,2025-10-21 14:50:52,000417.SZ,B,7.440,400
1544,60,2025-10-21,2025-10-21 14:51:02,601949.SH,S,6.690,100
1545,44,2025-10-21,2025-10-21 14:51:02,600522.SH,B,17.740,200
1546,44,2025-10-21,2025-10-21 14:51:02,600522.SH,B,17.740,200
1547,44,2025-10-21,2025-10-21 14:50:58,002401.SZ,S,17.180,200
1548,44,2025-10-21,2025-10-21 14:50:56,002378.SZ,B,12.040,500
1549,44,2025-10-21,2025-10-21 14:50:59,601107.SH,B,5.810,100
1550,60,2025-10-21,2025-10-21 14:51:01,600742.SH,S,9.590,58
1551,61,2025-10-21,2025-10-21 14:51:02,300185.SZ,B,3.040,100
1552,60,2025-10-21,2025-10-21 14:51:01,600742.SH,S,9.590,200
1553,44,2025-10-21,2025-10-21 14:51:01,603588.SH,B,7.640,100
1554,60,2025-10-21,2025-10-21 14:51:01,601985.SH,S,9.060,1400
1555,60,2025-10-21,2025-10-21 14:51:01,601985.SH,S,9.060,200
1556,60,2025-10-21,2025-10-21 14:51:00,601658.SH,B,5.670,1000
1557,60,2025-10-21,2025-10-21 14:51:00,600160.SH,B,36.070,300
1558,60,2025-10-21,2025-10-21 14:51:00,600160.SH,B,36.070,100
1559,44,2025-10-21,2025-10-21 14:51:00,301382.SZ,B,32.450,200
1560,44,2025-10-21,2025-10-21 14:50:59,300389.SZ,B,19.110,200
1561,44,2025-10-21,2025-10-21 14:51:00,300296.SZ,S,6.810,400
1562,44,2025-10-21,2025-10-21 14:51:00,301382.SZ,B,32.450,200
1563,44,2025-10-21,2025-10-21 14:51:00,300296.SZ,S,6.810,2000
1564,44,2025-10-21,2025-10-21 14:51:00,688469.SH,B,6.440,500
1565,44,2025-10-21,2025-10-21 14:50:59,002296.SZ,S,10.940,100
1566,60,2025-10-21,2025-10-21 14:50:59,300124.SZ,B,79.450,500
1567,60,2025-10-21,2025-10-21 14:50:58,002396.SZ,S,27.460,100
1568,60,2025-10-21,2025-10-21 14:50:58,002396.SZ,S,27.460,100
1569,60,2025-10-21,2025-10-21 14:50:58,002396.SZ,S,27.460,100
1570,60,2025-10-21,2025-10-21 14:50:58,301015.SZ,B,25.610,100
1571,61,2025-10-21,2025-10-21 14:50:58,000957.SZ,S,12.460,800
1572,60,2025-10-21,2025-10-21 14:50:58,301015.SZ,B,25.610,300
1573,44,2025-10-21,2025-10-21 14:50:59,600987.SH,S,7.250,100
1574,44,2025-10-21,2025-10-21 14:50:58,688819.SH,B,30.140,200
1575,44,2025-10-21,2025-10-21 14:50:57,300005.SZ,B,8.470,100
1576,60,2025-10-21,2025-10-21 14:50:56,002206.SZ,B,6.110,200
1577,60,2025-10-21,2025-10-21 14:50:56,600742.SH,S,9.590,342
1578,60,2025-10-21,2025-10-21 14:50:56,601700.SH,S,4.770,300
1579,60,2025-10-21,2025-10-21 14:50:56,300199.SZ,B,21.410,1000
1580,60,2025-10-21,2025-10-21 14:50:56,002206.SZ,B,6.110,400
1581,60,2025-10-21,2025-10-21 14:50:56,002206.SZ,B,6.110,200
1582,60,2025-10-21,2025-10-21 14:50:56,300969.SZ,B,109.930,100
1583,44,2025-10-21,2025-10-21 14:50:57,601339.SH,S,5.720,500
1584,58,2025-10-21,2025-10-21 14:50:56,000957.SZ,S,12.460,300
1585,44,2025-10-21,2025-10-21 14:50:56,300839.SZ,B,13.220,100
1586,44,2025-10-21,2025-10-21 14:50:54,600834.SH,B,9.160,100
1587,52,2025-10-21,2025-10-21 14:50:47,600712.SH,S,7.010,200
1588,60,2025-10-21,2025-10-21 14:50:52,003019.SZ,B,33.620,100
1589,44,2025-10-21,2025-10-21 14:50:53,002846.SZ,B,17.270,200
1590,44,2025-10-21,2025-10-21 14:50:53,301325.SZ,B,55.690,200
1591,60,2025-10-21,2025-10-21 14:50:52,601700.SH,S,4.770,100
1592,44,2025-10-21,2025-10-21 14:50:53,600864.SH,S,7.600,700
1593,44,2025-10-21,2025-10-21 14:50:52,000833.SZ,S,15.210,100
1594,44,2025-10-21,2025-10-21 14:50:52,600987.SH,S,7.250,100
1595,44,2025-10-21,2025-10-21 14:50:52,300334.SZ,S,7.240,600
1596,60,2025-10-21,2025-10-21 14:50:51,603993.SH,B,15.420,1600
1597,44,2025-10-21,2025-10-21 14:50:52,688286.SH,B,91.520,62
1598,58,2025-10-21,2025-10-21 14:50:51,600438.SH,B,23.010,200
1599,44,2025-10-21,2025-10-21 14:50:50,688165.SH,B,22.120,300
1600,61,2025-10-21,2025-10-21 14:50:49,002857.SZ,B,25.100,100
1601,44,2025-10-21,2025-10-21 14:50:49,600987.SH,S,7.250,300
1602,44,2025-10-21,2025-10-21 14:50:49,000930.SZ,S,6.090,100
1603,44,2025-10-21,2025-10-21 14:50:49,000930.SZ,S,6.090,200
1604,44,2025-10-21,2025-10-21 14:50:48,300767.SZ,B,20.930,100
1605,44,2025-10-21,2025-10-21 14:50:48,000915.SZ,S,31.930,100
1606,58,2025-10-21,2025-10-21 14:50:48,603319.SH,B,37.390,100
1607,60,2025-10-21,2025-10-21 14:50:47,601700.SH,S,4.770,200
1608,60,2025-10-21,2025-10-21 14:50:47,002460.SZ,B,61.400,200
1609,60,2025-10-21,2025-10-21 14:50:47,002460.SZ,B,61.400,400
1610,44,2025-10-21,2025-10-21 14:50:47,603296.SH,B,93.450,100
1611,44,2025-10-21,2025-10-21 14:50:46,600760.SH,B,64.170,100
1612,44,2025-10-21,2025-10-21 14:50:47,601168.SH,S,22.690,300
1613,60,2025-10-21,2025-10-21 14:50:46,603296.SH,B,93.450,200
1614,60,2025-10-21,2025-10-21 14:50:46,000063.SZ,B,51.090,100
1615,44,2025-10-21,2025-10-21 14:50:46,603556.SH,S,29.220,300
1616,44,2025-10-21,2025-10-21 14:50:46,000790.SZ,S,3.980,100
1617,44,2025-10-21,2025-10-21 14:50:45,603185.SH,B,22.100,400
1618,60,2025-10-21,2025-10-21 14:50:46,300389.SZ,B,19.100,100
1619,44,2025-10-21,2025-10-21 14:50:44,300666.SZ,B,93.280,100
1620,44,2025-10-21,2025-10-21 14:50:44,300261.SZ,S,7.190,200
1621,44,2025-10-21,2025-10-21 14:50:45,688258.SH,B,61.630,143
1622,60,2025-10-21,2025-10-21 14:50:45,600926.SH,B,16.390,600
1623,60,2025-10-21,2025-10-21 14:50:44,600926.SH,B,16.390,800
1624,60,2025-10-21,2025-10-21 14:50:44,600926.SH,B,16.390,600
1625,60,2025-10-21,2025-10-21 14:50:44,600926.SH,B,16.390,200
1626,60,2025-10-21,2025-10-21 14:50:44,600926.SH,B,16.390,100
1627,60,2025-10-21,2025-10-21 14:50:44,600926.SH,B,16.390,100
1628,60,2025-10-21,2025-10-21 14:50:44,600926.SH,B,16.390,100
1629,60,2025-10-21,2025-10-21 14:50:44,600926.SH,B,16.390,100
1630,60,2025-10-21,2025-10-21 14:50:44,600926.SH,B,16.390,100
1631,60,2025-10-21,2025-10-21 14:50:43,002415.SZ,B,32.550,200
1632,60,2025-10-21,2025-10-21 14:50:43,300115.SZ,B,36.230,100
1633,60,2025-10-21,2025-10-21 14:50:43,300115.SZ,B,36.230,100
1634,60,2025-10-21,2025-10-21 14:50:43,300115.SZ,B,36.220,600
1635,44,2025-10-21,2025-10-21 14:50:43,601311.SH,S,10.680,100
1636,44,2025-10-21,2025-10-21 14:50:43,601311.SH,S,10.680,100
