,fund_id,trade_dt,trade_time,s_info_windcode,direction,price,qty
0,61.0,2025-09-10,2025-09-10 15:00:01,688180.SH,S,48.500,77
1,61.0,2025-09-10,2025-09-10 14:56:30,300432.SZ,B,14.810,700
2,61.0,2025-09-10,2025-09-10 14:56:29,002550.SZ,S,10.000,300
3,59.0,2025-09-10,2025-09-10 14:56:29,002550.SZ,S,10.000,100
4,61.0,2025-09-10,2025-09-10 14:56:29,603367.SH,S,21.170,100
5,52.0,2025-09-10,2025-09-10 14:56:24,300432.SZ,B,14.810,500
6,52.0,2025-09-10,2025-09-10 14:56:11,300388.SZ,S,8.540,500
7,58.0,2025-09-10,2025-09-10 14:56:21,603237.SH,S,19.170,200
8,51.0,2025-09-10,2025-09-10 14:56:24,002723.SZ,S,9.710,600
9,58.0,2025-09-10,2025-09-10 14:56:20,688638.SH,S,47.900,147
10,59.0,2025-09-10,2025-09-10 14:56:19,300432.SZ,B,14.810,1800
11,58.0,2025-09-10,2025-09-10 14:56:19,688638.SH,S,47.900,400
12,59.0,2025-09-10,2025-09-10 14:56:18,002723.SZ,S,9.710,600
13,58.0,2025-09-10,2025-09-10 14:56:17,300633.SZ,S,36.120,100
14,51.0,2025-09-10,2025-09-10 14:56:20,300388.SZ,S,8.530,700
15,59.0,2025-09-10,2025-09-10 14:56:15,603102.SH,S,47.510,300
16,58.0,2025-09-10,2025-09-10 14:56:15,603237.SH,S,19.170,300
17,52.0,2025-09-10,2025-09-10 14:56:14,603237.SH,S,19.170,100
18,51.0,2025-09-10,2025-09-10 14:56:17,603239.SH,S,17.570,200
19,58.0,2025-09-10,2025-09-10 14:56:09,603305.SH,B,15.610,100
20,58.0,2025-09-10,2025-09-10 14:56:09,603305.SH,B,15.610,300
21,58.0,2025-09-10,2025-09-10 14:56:09,603305.SH,B,15.610,100
22,58.0,2025-09-10,2025-09-10 14:56:09,603305.SH,B,15.610,300
23,58.0,2025-09-10,2025-09-10 14:56:09,603305.SH,B,15.610,100
24,52.0,2025-09-10,2025-09-10 14:56:08,603305.SH,B,15.610,300
25,58.0,2025-09-10,2025-09-10 14:56:07,300233.SZ,B,20.860,100
26,58.0,2025-09-10,2025-09-10 14:56:06,600549.SH,B,30.760,200
27,58.0,2025-09-10,2025-09-10 14:55:56,000962.SZ,S,22.780,500
28,58.0,2025-09-10,2025-09-10 14:55:43,300388.SZ,S,8.540,1400
29,51.0,2025-09-10,2025-09-10 14:55:37,603367.SH,S,21.190,100
30,58.0,2025-09-10,2025-09-10 14:55:31,002456.SZ,B,12.860,1200
31,52.0,2025-09-10,2025-09-10 14:55:27,002456.SZ,B,12.860,200
32,58.0,2025-09-10,2025-09-10 14:54:57,600653.SH,S,2.240,1900
33,58.0,2025-09-10,2025-09-10 14:54:52,603399.SH,B,10.040,100
34,59.0,2025-09-10,2025-09-10 14:54:42,603305.SH,B,15.650,100
35,59.0,2025-09-10,2025-09-10 14:54:42,603305.SH,B,15.640,300
36,52.0,2025-09-10,2025-09-10 14:54:21,300644.SZ,B,35.420,100
37,52.0,2025-09-10,2025-09-10 14:53:57,000032.SZ,B,22.560,200
38,59.0,2025-09-10,2025-09-10 14:53:51,300388.SZ,S,8.540,1500
39,58.0,2025-09-10,2025-09-10 14:53:50,002072.SZ,S,8.060,400
40,61.0,2025-09-10,2025-09-10 14:53:38,603305.SH,B,15.640,200
41,58.0,2025-09-10,2025-09-10 14:53:26,002723.SZ,S,9.740,500
42,61.0,2025-09-10,2025-09-10 14:53:25,002456.SZ,B,12.860,800
43,61.0,2025-09-10,2025-09-10 14:53:20,002852.SZ,S,11.490,100
44,58.0,2025-09-10,2025-09-10 14:53:17,300415.SZ,B,27.500,100
45,52.0,2025-09-10,2025-09-10 14:51:20,002298.SZ,S,9.510,100
46,51.0,2025-09-10,2025-09-10 14:53:18,601688.SH,B,20.510,1800
47,58.0,2025-09-10,2025-09-10 14:53:13,300752.SZ,B,23.390,100
48,61.0,2025-09-10,2025-09-10 14:53:01,002456.SZ,B,12.860,800
49,59.0,2025-09-10,2025-09-10 14:53:01,002456.SZ,B,12.860,300
50,59.0,2025-09-10,2025-09-10 14:52:59,000700.SZ,B,10.120,300
51,58.0,2025-09-10,2025-09-10 14:52:59,300403.SZ,B,15.790,100
52,58.0,2025-09-10,2025-09-10 14:52:58,300432.SZ,B,14.820,1100
53,58.0,2025-09-10,2025-09-10 14:52:57,300432.SZ,B,14.820,100
54,58.0,2025-09-10,2025-09-10 14:52:57,000970.SZ,B,13.810,100
55,61.0,2025-09-10,2025-09-10 14:52:57,603305.SH,B,15.620,200
56,58.0,2025-09-10,2025-09-10 14:52:54,002036.SZ,B,11.040,800
57,58.0,2025-09-10,2025-09-10 14:52:52,002735.SZ,B,16.630,100
58,58.0,2025-09-10,2025-09-10 14:52:51,600549.SH,B,30.760,100
59,59.0,2025-09-10,2025-09-10 14:52:51,603538.SH,B,24.410,300
60,59.0,2025-09-10,2025-09-10 14:52:48,000962.SZ,S,22.810,100
61,59.0,2025-09-10,2025-09-10 14:52:48,300633.SZ,S,36.150,100
62,58.0,2025-09-10,2025-09-10 14:52:45,600549.SH,B,30.750,100
63,61.0,2025-09-10,2025-09-10 14:52:28,603237.SH,S,19.190,600
64,59.0,2025-09-10,2025-09-10 14:52:28,603237.SH,S,19.190,200
65,51.0,2025-09-10,2025-09-10 14:52:22,000837.SZ,S,14.440,100
66,51.0,2025-09-10,2025-09-10 14:52:10,603158.SH,S,10.570,100
67,51.0,2025-09-10,2025-09-10 14:52:03,603102.SH,S,47.750,200
68,58.0,2025-09-10,2025-09-10 14:51:56,300131.SZ,B,10.000,500
69,58.0,2025-09-10,2025-09-10 14:51:42,300792.SZ,B,32.170,100
70,52.0,2025-09-10,2025-09-10 14:51:02,600226.SH,S,3.600,100
71,58.0,2025-09-10,2025-09-10 14:51:36,600226.SH,S,3.600,400
72,61.0,2025-09-10,2025-09-10 14:51:36,000700.SZ,B,10.120,300
73,61.0,2025-09-10,2025-09-10 14:51:36,000700.SZ,B,10.120,100
74,61.0,2025-09-10,2025-09-10 14:51:36,000700.SZ,B,10.120,400
75,58.0,2025-09-10,2025-09-10 14:51:36,603305.SH,B,15.630,1100
76,52.0,2025-09-10,2025-09-10 14:51:35,603305.SH,B,15.630,400
77,58.0,2025-09-10,2025-09-10 14:51:33,002550.SZ,S,10.010,300
78,52.0,2025-09-10,2025-09-10 14:51:26,002550.SZ,S,10.010,100
79,51.0,2025-09-10,2025-09-10 14:51:26,300388.SZ,S,8.540,900
80,59.0,2025-09-10,2025-09-10 14:51:22,600549.SH,B,30.780,300
81,58.0,2025-09-10,2025-09-10 14:51:22,600549.SH,B,30.780,100
82,52.0,2025-09-10,2025-09-10 14:51:21,002723.SZ,S,9.740,700
83,59.0,2025-09-10,2025-09-10 14:51:19,300131.SZ,B,10.000,300
84,58.0,2025-09-10,2025-09-10 14:51:06,300398.SZ,B,22.030,500
85,61.0,2025-09-10,2025-09-10 14:51:03,002261.SZ,S,35.150,100
86,59.0,2025-09-10,2025-09-10 14:51:02,002261.SZ,S,35.150,100
87,52.0,2025-09-10,2025-09-10 14:51:00,300398.SZ,B,22.030,200
88,61.0,2025-09-10,2025-09-10 14:50:59,300432.SZ,B,14.830,900
89,52.0,2025-09-10,2025-09-10 14:50:52,601688.SH,B,20.510,200
90,58.0,2025-09-10,2025-09-10 14:50:41,300644.SZ,B,35.430,100
91,52.0,2025-09-10,2025-09-10 14:50:40,300644.SZ,B,35.430,100
92,52.0,2025-09-10,2025-09-10 14:50:19,300388.SZ,S,8.540,800
93,52.0,2025-09-10,2025-09-10 14:50:19,002852.SZ,S,11.510,100
94,59.0,2025-09-10,2025-09-10 14:50:31,300398.SZ,B,22.060,300
95,52.0,2025-09-10,2025-09-10 14:50:28,000962.SZ,B,22.780,200
96,52.0,2025-09-10,2025-09-10 14:50:21,000700.SZ,B,10.120,200
97,52.0,2025-09-10,2025-09-10 14:46:48,002072.SZ,S,8.060,100
98,52.0,2025-09-10,2025-09-10 14:49:21,603102.SH,S,47.750,200
99,58.0,2025-09-10,2025-09-10 14:49:55,300345.SZ,B,7.220,100
100,58.0,2025-09-10,2025-09-10 14:49:53,002227.SZ,S,13.190,100
101,58.0,2025-09-10,2025-09-10 14:49:53,603367.SH,S,21.200,100
102,58.0,2025-09-10,2025-09-10 14:49:46,603102.SH,S,47.750,900
103,61.0,2025-09-10,2025-09-10 14:49:31,600226.SH,S,3.610,400
104,59.0,2025-09-10,2025-09-10 14:49:31,600226.SH,S,3.610,100
105,52.0,2025-09-10,2025-09-10 14:47:16,300432.SZ,B,14.830,800
106,51.0,2025-09-10,2025-09-10 14:49:21,002723.SZ,S,9.800,900
107,61.0,2025-09-10,2025-09-10 14:49:12,000960.SZ,S,21.440,100
108,58.0,2025-09-10,2025-09-10 14:49:11,300633.SZ,S,36.160,300
109,58.0,2025-09-10,2025-09-10 14:49:12,002723.SZ,S,9.770,500
110,61.0,2025-09-10,2025-09-10 14:49:01,002227.SZ,S,13.190,100
111,58.0,2025-09-10,2025-09-10 14:48:55,002261.SZ,S,35.170,100
112,58.0,2025-09-10,2025-09-10 14:48:48,000962.SZ,S,22.790,100
113,58.0,2025-09-10,2025-09-10 14:48:51,002456.SZ,B,12.870,2000
114,58.0,2025-09-10,2025-09-10 14:48:48,000962.SZ,S,22.790,200
115,58.0,2025-09-10,2025-09-10 14:48:48,000962.SZ,S,22.790,300
116,58.0,2025-09-10,2025-09-10 14:48:42,300388.SZ,S,8.540,2300
117,61.0,2025-09-10,2025-09-10 14:48:18,002562.SZ,B,6.510,800
118,58.0,2025-09-10,2025-09-10 14:48:02,002562.SZ,B,6.500,100
119,52.0,2025-09-10,2025-09-10 14:46:17,002562.SZ,B,6.500,200
120,58.0,2025-09-10,2025-09-10 14:48:00,000831.SZ,S,52.580,100
121,61.0,2025-09-10,2025-09-10 14:47:57,000831.SZ,S,52.580,100
122,58.0,2025-09-10,2025-09-10 14:47:46,603590.SH,B,52.170,100
123,58.0,2025-09-10,2025-09-10 14:47:36,300007.SZ,B,51.990,100
124,58.0,2025-09-10,2025-09-10 14:47:33,603989.SH,B,17.800,100
125,58.0,2025-09-10,2025-09-10 14:47:15,300432.SZ,B,14.830,1800
126,51.0,2025-09-10,2025-09-10 14:47:13,300432.SZ,B,14.840,1800
127,58.0,2025-09-10,2025-09-10 14:46:34,688638.SH,S,48.110,16
128,58.0,2025-09-10,2025-09-10 14:46:31,688638.SH,S,48.110,384
129,52.0,2025-09-10,2025-09-10 14:46:17,600653.SH,S,2.230,500
130,59.0,2025-09-10,2025-09-10 14:46:22,002072.SZ,S,8.050,100
131,59.0,2025-09-10,2025-09-10 14:46:21,002036.SZ,B,11.070,100
132,59.0,2025-09-10,2025-09-10 14:46:21,002036.SZ,B,11.070,100
133,59.0,2025-09-10,2025-09-10 14:46:21,002036.SZ,B,11.070,100
134,52.0,2025-09-10,2025-09-10 14:46:17,600653.SH,S,2.230,300
135,58.0,2025-09-10,2025-09-10 14:46:20,603538.SH,B,24.480,500
136,58.0,2025-09-10,2025-09-10 14:46:20,600653.SH,S,2.230,100
137,58.0,2025-09-10,2025-09-10 14:46:19,600653.SH,S,2.230,1000
138,58.0,2025-09-10,2025-09-10 14:46:18,600653.SH,S,2.230,400
139,61.0,2025-09-10,2025-09-10 14:46:18,600653.SH,S,2.230,3700
140,59.0,2025-09-10,2025-09-10 14:46:18,688638.SH,S,48.110,370
141,59.0,2025-09-10,2025-09-10 14:46:18,600653.SH,S,2.230,1300
142,58.0,2025-09-10,2025-09-10 14:46:17,300963.SZ,B,18.190,100
143,58.0,2025-09-10,2025-09-10 14:46:18,002723.SZ,S,9.790,400
144,61.0,2025-09-10,2025-09-10 14:46:13,002036.SZ,B,11.070,800
145,52.0,2025-09-10,2025-09-10 14:41:00,603855.SH,S,20.140,100
146,58.0,2025-09-10,2025-09-10 14:41:34,603855.SH,S,20.140,100
147,58.0,2025-09-10,2025-09-10 14:41:11,000962.SZ,B,22.710,1200
148,61.0,2025-09-10,2025-09-10 14:39:40,600712.SH,S,7.480,300
149,59.0,2025-09-10,2025-09-10 14:39:40,600712.SH,S,7.480,100
150,51.0,2025-09-10,2025-09-10 14:39:07,603798.SH,S,15.570,300
151,52.0,2025-09-10,2025-09-10 14:38:36,002036.SZ,S,11.070,200
152,58.0,2025-09-10,2025-09-10 14:38:48,603798.SH,S,15.580,200
153,58.0,2025-09-10,2025-09-10 14:38:09,000572.SZ,S,4.800,100
154,59.0,2025-09-10,2025-09-10 14:37:57,002456.SZ,B,12.870,1500
155,59.0,2025-09-10,2025-09-10 14:37:00,603798.SH,S,15.590,100
156,52.0,2025-09-10,2025-09-10 14:36:51,603798.SH,S,15.590,100
157,51.0,2025-09-10,2025-09-10 14:36:53,300388.SZ,S,8.540,100
158,58.0,2025-09-10,2025-09-10 14:36:48,002550.SZ,S,10.000,100
159,58.0,2025-09-10,2025-09-10 14:36:45,002456.SZ,S,12.880,200
160,52.0,2025-09-10,2025-09-10 14:36:27,002456.SZ,S,12.880,600
161,58.0,2025-09-10,2025-09-10 14:36:45,002456.SZ,S,12.880,300
162,58.0,2025-09-10,2025-09-10 14:35:17,000700.SZ,B,10.120,100
163,58.0,2025-09-10,2025-09-10 14:35:17,000700.SZ,B,10.120,700
164,58.0,2025-09-10,2025-09-10 14:35:17,000700.SZ,B,10.120,400
165,52.0,2025-09-10,2025-09-10 14:34:21,002429.SZ,S,5.700,300
166,61.0,2025-09-10,2025-09-10 14:33:58,603661.SH,S,32.830,100
167,61.0,2025-09-10,2025-09-10 14:33:48,603367.SH,S,21.240,200
168,59.0,2025-09-10,2025-09-10 14:33:48,603367.SH,S,21.240,100
169,51.0,2025-09-10,2025-09-10 14:33:44,002429.SZ,S,5.710,1300
170,58.0,2025-09-10,2025-09-10 14:33:19,600712.SH,S,7.500,200
171,59.0,2025-09-10,2025-09-10 14:32:57,603855.SH,S,20.150,100
172,61.0,2025-09-10,2025-09-10 14:32:43,603855.SH,S,20.150,100
173,58.0,2025-09-10,2025-09-10 14:32:40,000962.SZ,B,22.720,700
174,59.0,2025-09-10,2025-09-10 14:32:33,000962.SZ,B,22.710,400
175,58.0,2025-09-10,2025-09-10 14:32:18,603661.SH,S,32.810,100
176,58.0,2025-09-10,2025-09-10 14:32:14,000837.SZ,S,14.400,800
177,52.0,2025-09-10,2025-09-10 14:32:13,000837.SZ,S,14.400,100
178,61.0,2025-09-10,2025-09-10 14:32:07,002550.SZ,S,10.000,100
179,58.0,2025-09-10,2025-09-10 14:32:08,000700.SZ,B,10.100,700
180,59.0,2025-09-10,2025-09-10 14:32:07,002550.SZ,S,10.000,100
181,58.0,2025-09-10,2025-09-10 14:32:05,002323.SZ,S,1.930,1900
182,58.0,2025-09-10,2025-09-10 14:31:57,605068.SH,S,27.450,100
183,58.0,2025-09-10,2025-09-10 14:31:36,603275.SH,S,51.900,100
184,52.0,2025-09-10,2025-09-10 14:31:18,600712.SH,S,7.500,100
185,58.0,2025-09-10,2025-09-10 14:31:22,002323.SZ,S,1.930,1600
186,58.0,2025-09-10,2025-09-10 14:31:19,002323.SZ,S,1.930,2700
187,58.0,2025-09-10,2025-09-10 14:31:19,603367.SH,S,21.240,300
188,52.0,2025-09-10,2025-09-10 14:31:18,002323.SZ,S,1.930,1400
189,52.0,2025-09-10,2025-09-10 14:31:18,603367.SH,S,21.240,100
190,52.0,2025-09-10,2025-09-10 14:31:18,002272.SZ,S,15.830,200
191,61.0,2025-09-10,2025-09-10 14:31:16,002323.SZ,S,1.930,6600
192,61.0,2025-09-10,2025-09-10 14:31:16,002272.SZ,S,15.830,100
193,61.0,2025-09-10,2025-09-10 14:31:16,002272.SZ,S,15.830,400
194,58.0,2025-09-10,2025-09-10 14:31:16,002272.SZ,S,15.830,400
195,59.0,2025-09-10,2025-09-10 14:31:14,002323.SZ,S,1.930,2400
196,59.0,2025-09-10,2025-09-10 14:31:14,002272.SZ,S,15.830,200
197,51.0,2025-09-10,2025-09-10 14:31:17,002272.SZ,S,15.830,100
198,51.0,2025-09-10,2025-09-10 14:28:33,002471.SZ,S,4.600,100
199,52.0,2025-09-10,2025-09-10 14:28:29,002323.SZ,S,1.930,300
200,58.0,2025-09-10,2025-09-10 14:28:30,002277.SZ,S,6.720,1800
201,61.0,2025-09-10,2025-09-10 14:28:26,000657.SZ,B,18.890,500
202,59.0,2025-09-10,2025-09-10 14:28:19,605068.SH,S,27.460,100
203,52.0,2025-09-10,2025-09-10 14:28:19,002456.SZ,B,12.920,300
204,61.0,2025-09-10,2025-09-10 14:28:18,600549.SH,B,30.860,200
205,58.0,2025-09-10,2025-09-10 14:28:17,600366.SH,B,14.650,400
206,61.0,2025-09-10,2025-09-10 14:28:15,002277.SZ,S,6.720,300
207,61.0,2025-09-10,2025-09-10 14:28:15,002277.SZ,S,6.720,100
208,61.0,2025-09-10,2025-09-10 14:28:15,002277.SZ,S,6.720,100
209,61.0,2025-09-10,2025-09-10 14:28:15,002277.SZ,S,6.720,700
210,61.0,2025-09-10,2025-09-10 14:28:14,688280.SH,B,8.710,630
211,61.0,2025-09-10,2025-09-10 14:28:14,000417.SZ,S,6.340,500
212,61.0,2025-09-10,2025-09-10 14:28:12,002277.SZ,S,6.720,100
213,61.0,2025-09-10,2025-09-10 14:28:12,002277.SZ,S,6.720,100
214,61.0,2025-09-10,2025-09-10 14:28:12,002277.SZ,S,6.720,1100
215,61.0,2025-09-10,2025-09-10 14:28:10,002456.SZ,B,12.920,600
216,61.0,2025-09-10,2025-09-10 14:28:10,002245.SZ,B,17.700,300
217,61.0,2025-09-10,2025-09-10 14:28:09,601658.SH,S,6.270,600
218,61.0,2025-09-10,2025-09-10 14:28:09,002277.SZ,S,6.720,100
219,61.0,2025-09-10,2025-09-10 14:28:09,002277.SZ,S,6.720,200
220,61.0,2025-09-10,2025-09-10 14:28:09,002277.SZ,S,6.720,1000
221,59.0,2025-09-10,2025-09-10 14:28:09,002277.SZ,S,6.720,1400
222,59.0,2025-09-10,2025-09-10 14:28:09,601658.SH,S,6.270,200
223,58.0,2025-09-10,2025-09-10 14:28:08,605138.SH,S,8.440,900
224,61.0,2025-09-10,2025-09-10 14:28:07,600869.SH,B,6.990,500
225,58.0,2025-09-10,2025-09-10 14:28:07,000032.SZ,B,22.570,200
226,52.0,2025-09-10,2025-09-10 14:28:06,600858.SH,S,6.150,100
227,52.0,2025-09-10,2025-09-10 14:28:06,600337.SH,S,2.140,300
228,51.0,2025-09-10,2025-09-10 14:28:09,600858.SH,S,6.150,700
229,51.0,2025-09-10,2025-09-10 14:28:08,600737.SH,S,16.730,100
230,51.0,2025-09-10,2025-09-10 14:28:08,603275.SH,S,51.960,100
231,51.0,2025-09-10,2025-09-10 14:28:05,603282.SH,S,18.620,100
232,51.0,2025-09-10,2025-09-10 14:28:04,603367.SH,S,21.250,100
233,59.0,2025-09-10,2025-09-10 14:27:56,000717.SZ,S,2.860,100
234,58.0,2025-09-10,2025-09-10 14:27:47,000572.SZ,S,4.800,100
235,51.0,2025-09-10,2025-09-10 14:27:48,002323.SZ,S,1.930,1100
236,58.0,2025-09-10,2025-09-10 14:27:41,002186.SZ,S,12.680,100
237,58.0,2025-09-10,2025-09-10 14:27:18,603798.SH,S,15.720,200
238,58.0,2025-09-10,2025-09-10 14:26:49,002456.SZ,B,12.910,500
239,59.0,2025-09-10,2025-09-10 14:26:45,000032.SZ,B,22.600,300
240,52.0,2025-09-10,2025-09-10 14:26:39,002245.SZ,B,17.700,200
241,51.0,2025-09-10,2025-09-10 14:26:38,000776.SZ,B,20.590,300
242,59.0,2025-09-10,2025-09-10 14:26:23,688280.SH,B,8.710,757
243,61.0,2025-09-10,2025-09-10 14:26:13,300536.SZ,S,9.860,100
244,58.0,2025-09-10,2025-09-10 14:26:13,300536.SZ,S,9.860,100
245,52.0,2025-09-10,2025-09-10 14:22:59,600366.SH,B,14.640,300
246,58.0,2025-09-10,2025-09-10 14:25:36,000417.SZ,S,6.340,1200
247,52.0,2025-09-10,2025-09-10 14:22:39,000417.SZ,S,6.340,200
248,52.0,2025-09-10,2025-09-10 14:24:07,600929.SH,S,5.840,100
249,58.0,2025-09-10,2025-09-10 14:25:10,002272.SZ,S,15.880,100
250,61.0,2025-09-10,2025-09-10 14:24:57,002456.SZ,B,12.910,1200
251,58.0,2025-09-10,2025-09-10 14:24:51,002015.SZ,S,12.120,100
252,52.0,2025-09-10,2025-09-10 14:23:21,002015.SZ,S,12.120,100
253,51.0,2025-09-10,2025-09-10 14:24:45,605138.SH,S,8.450,900
254,52.0,2025-09-10,2025-09-10 14:24:10,600795.SH,S,5.200,100
255,58.0,2025-09-10,2025-09-10 14:24:15,605138.SH,S,8.450,600
256,58.0,2025-09-10,2025-09-10 14:24:15,605138.SH,S,8.450,1500
257,52.0,2025-09-10,2025-09-10 14:24:14,605138.SH,S,8.450,500
258,52.0,2025-09-10,2025-09-10 14:24:14,605138.SH,S,8.450,400
259,59.0,2025-09-10,2025-09-10 14:24:07,605138.SH,S,8.460,100
260,59.0,2025-09-10,2025-09-10 14:24:07,605138.SH,S,8.460,500
261,59.0,2025-09-10,2025-09-10 14:24:07,605138.SH,S,8.460,100
262,59.0,2025-09-10,2025-09-10 14:24:07,605138.SH,S,8.460,400
263,59.0,2025-09-10,2025-09-10 14:24:03,002651.SZ,S,11.480,100
264,61.0,2025-09-10,2025-09-10 14:24:03,002651.SZ,S,11.480,200
265,58.0,2025-09-10,2025-09-10 14:24:03,300233.SZ,B,20.860,200
266,51.0,2025-09-10,2025-09-10 14:24:03,688085.SH,S,20.700,200
267,58.0,2025-09-10,2025-09-10 14:23:49,002190.SZ,S,39.560,100
268,61.0,2025-09-10,2025-09-10 14:23:45,002261.SZ,S,35.330,200
269,51.0,2025-09-10,2025-09-10 14:23:41,002277.SZ,S,6.720,900
270,52.0,2025-09-10,2025-09-10 14:23:32,600392.SH,S,21.940,100
271,59.0,2025-09-10,2025-09-10 14:23:31,002298.SZ,S,9.510,100
272,61.0,2025-09-10,2025-09-10 14:23:30,002298.SZ,S,9.510,200
273,58.0,2025-09-10,2025-09-10 14:23:30,600392.SH,S,21.940,100
274,61.0,2025-09-10,2025-09-10 14:23:27,600497.SH,S,6.140,100
275,61.0,2025-09-10,2025-09-10 14:23:20,300605.SZ,S,15.570,100
276,58.0,2025-09-10,2025-09-10 14:23:16,603798.SH,S,15.700,300
277,58.0,2025-09-10,2025-09-10 14:23:12,002298.SZ,S,9.520,100
278,61.0,2025-09-10,2025-09-10 14:22:56,600549.SH,B,30.960,100
279,58.0,2025-09-10,2025-09-10 14:22:51,603275.SH,S,52.050,100
280,52.0,2025-09-10,2025-09-10 14:22:24,603282.SH,S,18.620,100
281,61.0,2025-09-10,2025-09-10 14:22:36,002245.SZ,B,17.720,200
282,61.0,2025-09-10,2025-09-10 14:22:28,002426.SZ,B,3.680,500
283,58.0,2025-09-10,2025-09-10 14:22:28,300792.SZ,B,32.380,200
284,58.0,2025-09-10,2025-09-10 14:22:25,688157.SH,S,41.740,200
285,61.0,2025-09-10,2025-09-10 14:21:45,600549.SH,B,30.950,200
286,58.0,2025-09-10,2025-09-10 14:21:43,002456.SZ,B,12.910,200
287,58.0,2025-09-10,2025-09-10 14:21:42,002072.SZ,S,8.070,100
288,58.0,2025-09-10,2025-09-10 14:21:42,002456.SZ,B,12.910,600
289,58.0,2025-09-10,2025-09-10 14:21:40,000032.SZ,B,22.590,400
290,61.0,2025-09-10,2025-09-10 14:21:40,002186.SZ,S,12.710,100
291,52.0,2025-09-10,2025-09-10 14:21:32,600961.SH,S,14.830,100
292,61.0,2025-09-10,2025-09-10 14:21:32,000417.SZ,S,6.330,800
293,59.0,2025-09-10,2025-09-10 14:21:17,000417.SZ,S,6.330,400
294,58.0,2025-09-10,2025-09-10 14:21:09,002036.SZ,B,11.100,600
295,52.0,2025-09-10,2025-09-10 14:20:18,002036.SZ,B,11.100,400
296,61.0,2025-09-10,2025-09-10 14:21:05,688280.SH,B,8.730,111
297,61.0,2025-09-10,2025-09-10 14:21:05,688280.SH,B,8.730,200
298,61.0,2025-09-10,2025-09-10 14:21:05,688280.SH,B,8.730,289
299,59.0,2025-09-10,2025-09-10 14:21:05,688280.SH,B,8.730,111
300,59.0,2025-09-10,2025-09-10 14:21:05,688280.SH,B,8.730,200
301,59.0,2025-09-10,2025-09-10 14:21:05,688280.SH,B,8.730,200
302,59.0,2025-09-10,2025-09-10 14:21:05,688280.SH,B,8.730,89
303,61.0,2025-09-10,2025-09-10 14:21:03,600785.SH,S,13.570,600
304,59.0,2025-09-10,2025-09-10 14:21:02,600785.SH,S,13.570,200
305,58.0,2025-09-10,2025-09-10 14:20:56,301381.SZ,B,24.240,200
306,58.0,2025-09-10,2025-09-10 14:20:52,600366.SH,B,14.650,700
307,52.0,2025-09-10,2025-09-10 14:20:48,002456.SZ,B,12.910,1300
308,51.0,2025-09-10,2025-09-10 14:20:51,000776.SZ,B,20.600,300
309,58.0,2025-09-10,2025-09-10 14:20:47,002428.SZ,B,27.450,200
310,51.0,2025-09-10,2025-09-10 14:20:50,600929.SH,S,5.840,700
311,51.0,2025-09-10,2025-09-10 14:20:49,603633.SH,S,10.750,100
312,58.0,2025-09-10,2025-09-10 14:20:44,000657.SZ,B,18.880,200
313,58.0,2025-09-10,2025-09-10 14:20:44,000962.SZ,B,22.790,200
314,58.0,2025-09-10,2025-09-10 14:20:44,603305.SH,B,15.650,200
315,58.0,2025-09-10,2025-09-10 14:20:40,600785.SH,S,13.570,500
316,52.0,2025-09-10,2025-09-10 14:20:39,600785.SH,S,13.570,100
317,52.0,2025-09-10,2025-09-10 14:19:27,000428.SZ,S,3.860,200
318,51.0,2025-09-10,2025-09-10 14:20:41,000428.SZ,S,3.860,900
319,58.0,2025-09-10,2025-09-10 14:20:30,601658.SH,S,6.280,600
320,52.0,2025-09-10,2025-09-10 14:16:16,601658.SH,S,6.280,100
321,52.0,2025-09-10,2025-09-10 14:16:16,601658.SH,S,6.280,100
322,52.0,2025-09-10,2025-09-10 14:17:38,002492.SZ,S,7.690,100
323,51.0,2025-09-10,2025-09-10 14:20:22,600337.SH,S,2.140,1300
324,51.0,2025-09-10,2025-09-10 14:20:21,002426.SZ,B,3.680,1000
325,52.0,2025-09-10,2025-09-10 14:20:16,002245.SZ,B,17.700,200
326,51.0,2025-09-10,2025-09-10 14:20:17,000776.SZ,B,20.600,400
327,59.0,2025-09-10,2025-09-10 14:20:13,600366.SH,B,14.640,1500
328,59.0,2025-09-10,2025-09-10 14:20:04,603275.SH,S,52.030,100
329,61.0,2025-09-10,2025-09-10 14:20:01,002190.SZ,S,39.500,100
330,52.0,2025-09-10,2025-09-10 14:19:54,603798.SH,S,15.600,200
331,61.0,2025-09-10,2025-09-10 14:19:56,603367.SH,S,21.260,200
332,59.0,2025-09-10,2025-09-10 14:19:56,603367.SH,S,21.260,100
333,58.0,2025-09-10,2025-09-10 14:19:56,603367.SH,S,21.260,100
334,58.0,2025-09-10,2025-09-10 14:19:54,603798.SH,S,15.600,100
335,58.0,2025-09-10,2025-09-10 14:19:54,603798.SH,S,15.600,100
336,51.0,2025-09-10,2025-09-10 14:19:55,603219.SH,S,18.440,200
337,52.0,2025-09-10,2025-09-10 14:19:49,000826.SZ,S,2.140,300
338,58.0,2025-09-10,2025-09-10 14:19:10,000826.SZ,S,2.140,100
339,58.0,2025-09-10,2025-09-10 14:19:09,000826.SZ,S,2.140,500
340,58.0,2025-09-10,2025-09-10 14:19:09,000826.SZ,S,2.140,100
341,58.0,2025-09-10,2025-09-10 14:19:08,000826.SZ,S,2.140,100
342,58.0,2025-09-10,2025-09-10 14:19:08,000826.SZ,S,2.140,100
343,58.0,2025-09-10,2025-09-10 14:19:08,000826.SZ,S,2.140,200
344,59.0,2025-09-10,2025-09-10 14:18:58,300098.SZ,S,5.870,100
345,58.0,2025-09-10,2025-09-10 14:18:54,002456.SZ,B,12.900,1100
346,51.0,2025-09-10,2025-09-10 14:18:56,002456.SZ,B,12.910,2300
347,61.0,2025-09-10,2025-09-10 14:18:46,000826.SZ,S,2.140,1100
348,59.0,2025-09-10,2025-09-10 14:18:46,000826.SZ,S,2.140,400
349,61.0,2025-09-10,2025-09-10 14:18:40,600366.SH,B,14.640,1100
350,51.0,2025-09-10,2025-09-10 14:18:41,300692.SZ,S,8.000,100
351,51.0,2025-09-10,2025-09-10 14:18:36,002456.SZ,B,12.910,100
352,51.0,2025-09-10,2025-09-10 14:18:36,002456.SZ,B,12.910,200
353,51.0,2025-09-10,2025-09-10 14:18:36,300692.SZ,S,8.000,100
354,61.0,2025-09-10,2025-09-10 14:18:24,000831.SZ,S,52.610,300
355,59.0,2025-09-10,2025-09-10 14:18:24,000831.SZ,S,52.610,100
356,58.0,2025-09-10,2025-09-10 14:18:16,688280.SH,B,8.720,200
357,52.0,2025-09-10,2025-09-10 14:17:02,605068.SH,S,27.540,100
358,51.0,2025-09-10,2025-09-10 14:18:08,600795.SH,S,5.200,400
359,52.0,2025-09-10,2025-09-10 14:17:59,000831.SZ,S,52.590,100
360,61.0,2025-09-10,2025-09-10 14:17:44,603798.SH,S,15.580,100
361,59.0,2025-09-10,2025-09-10 14:17:44,603798.SH,S,15.580,200
362,58.0,2025-09-10,2025-09-10 14:17:43,605068.SH,S,27.540,400
363,58.0,2025-09-10,2025-09-10 14:17:29,002277.SZ,S,6.720,1800
364,52.0,2025-09-10,2025-09-10 14:16:16,002277.SZ,S,6.720,1000
365,59.0,2025-09-10,2025-09-10 14:17:27,002036.SZ,B,11.090,300
366,52.0,2025-09-10,2025-09-10 14:16:38,002072.SZ,S,8.070,100
367,52.0,2025-09-10,2025-09-10 14:16:16,000425.SZ,S,9.950,100
368,51.0,2025-09-10,2025-09-10 14:17:21,002456.SZ,B,12.900,300
369,51.0,2025-09-10,2025-09-10 14:17:18,601877.SH,S,27.690,100
370,59.0,2025-09-10,2025-09-10 14:17:08,600869.SH,S,6.990,300
371,51.0,2025-09-10,2025-09-10 14:17:09,601877.SH,S,27.690,200
372,51.0,2025-09-10,2025-09-10 14:17:09,000831.SZ,S,52.580,100
373,58.0,2025-09-10,2025-09-10 14:17:04,002261.SZ,S,35.310,200
374,51.0,2025-09-10,2025-09-10 14:17:05,603628.SH,S,13.860,100
375,58.0,2025-09-10,2025-09-10 14:16:57,000831.SZ,S,52.610,200
376,58.0,2025-09-10,2025-09-10 14:16:56,600366.SH,B,14.650,900
377,52.0,2025-09-10,2025-09-10 14:16:47,600366.SH,B,14.650,500
378,61.0,2025-09-10,2025-09-10 14:16:47,600105.SH,B,10.660,380
379,61.0,2025-09-10,2025-09-10 14:16:47,600105.SH,B,10.660,120
380,58.0,2025-09-10,2025-09-10 14:16:46,300763.SZ,B,84.780,200
381,58.0,2025-09-10,2025-09-10 14:16:42,688280.SH,B,8.730,1256
382,51.0,2025-09-10,2025-09-10 14:16:43,002456.SZ,B,12.900,300
383,58.0,2025-09-10,2025-09-10 14:16:33,002245.SZ,S,17.710,200
384,59.0,2025-09-10,2025-09-10 14:16:30,002245.SZ,S,17.710,200
385,52.0,2025-09-10,2025-09-10 14:16:17,600869.SH,S,6.990,100
386,58.0,2025-09-10,2025-09-10 14:16:16,002651.SZ,S,11.480,200
387,52.0,2025-09-10,2025-09-10 14:16:16,000657.SZ,S,18.900,100
388,51.0,2025-09-10,2025-09-10 14:16:17,002492.SZ,S,7.700,100
389,61.0,2025-09-10,2025-09-10 14:16:13,600392.SH,S,21.950,200
390,61.0,2025-09-10,2025-09-10 14:16:13,000572.SZ,S,4.810,100
391,59.0,2025-09-10,2025-09-10 14:16:13,002072.SZ,S,8.060,100
392,59.0,2025-09-10,2025-09-10 14:16:13,600392.SH,S,21.950,100
393,61.0,2025-09-10,2025-09-10 14:13:14,002356.SZ,S,3.600,100
394,61.0,2025-09-10,2025-09-10 14:13:14,688472.SH,B,12.390,384
395,61.0,2025-09-10,2025-09-10 14:13:14,688472.SH,B,12.390,200
396,58.0,2025-09-10,2025-09-10 14:13:13,600226.SH,S,3.600,1100
397,58.0,2025-09-10,2025-09-10 14:13:13,600226.SH,S,3.600,200
398,58.0,2025-09-10,2025-09-10 14:13:11,600105.SH,B,10.670,1100
399,58.0,2025-09-10,2025-09-10 14:13:08,600226.SH,S,3.600,400
400,58.0,2025-09-10,2025-09-10 14:13:08,600226.SH,S,3.600,1000
401,52.0,2025-09-10,2025-09-10 14:13:07,600549.SH,B,30.800,100
402,52.0,2025-09-10,2025-09-10 14:13:07,600226.SH,S,3.600,600
403,58.0,2025-09-10,2025-09-10 14:13:06,600549.SH,B,30.800,500
404,59.0,2025-09-10,2025-09-10 14:13:05,000657.SZ,B,18.890,500
405,51.0,2025-09-10,2025-09-10 14:13:08,002186.SZ,S,12.680,200
406,59.0,2025-09-10,2025-09-10 14:13:01,000657.SZ,B,18.890,100
407,59.0,2025-09-10,2025-09-10 14:12:58,000657.SZ,B,18.890,100
408,61.0,2025-09-10,2025-09-10 14:12:57,002186.SZ,S,12.690,500
409,51.0,2025-09-10,2025-09-10 14:12:55,603367.SH,S,21.250,100
410,61.0,2025-09-10,2025-09-10 14:12:37,600105.SH,B,10.670,600
411,58.0,2025-09-10,2025-09-10 14:12:37,300605.SZ,S,15.550,100
412,51.0,2025-09-10,2025-09-10 14:12:32,000425.SZ,B,9.920,600
413,59.0,2025-09-10,2025-09-10 14:12:20,600105.SH,B,10.660,600
414,51.0,2025-09-10,2025-09-10 14:11:51,300285.SZ,B,23.510,100
415,61.0,2025-09-10,2025-09-10 14:11:48,600869.SH,B,6.980,600
416,59.0,2025-09-10,2025-09-10 14:11:48,600869.SH,B,6.980,800
417,51.0,2025-09-10,2025-09-10 14:11:45,300285.SZ,B,23.510,100
418,51.0,2025-09-10,2025-09-10 14:11:45,300285.SZ,B,23.510,100
419,51.0,2025-09-10,2025-09-10 14:11:37,600410.SH,S,18.690,100
420,51.0,2025-09-10,2025-09-10 14:11:36,300285.SZ,B,23.510,1000
421,51.0,2025-09-10,2025-09-10 14:11:35,300285.SZ,B,23.510,100
422,58.0,2025-09-10,2025-09-10 14:11:27,002186.SZ,S,12.680,500
423,58.0,2025-09-10,2025-09-10 14:11:12,000831.SZ,S,52.580,100
424,61.0,2025-09-10,2025-09-10 14:11:06,600594.SH,S,4.350,2200
425,59.0,2025-09-10,2025-09-10 14:11:06,600594.SH,S,4.350,800
426,61.0,2025-09-10,2025-09-10 14:10:53,300233.SZ,B,20.820,200
427,52.0,2025-09-10,2025-09-10 14:10:34,300285.SZ,B,23.510,300
428,61.0,2025-09-10,2025-09-10 14:10:30,002245.SZ,B,17.660,400
429,61.0,2025-09-10,2025-09-10 14:10:27,002245.SZ,B,17.660,600
430,59.0,2025-09-10,2025-09-10 14:10:20,301193.SZ,S,21.370,300
431,61.0,2025-09-10,2025-09-10 14:10:17,301193.SZ,S,21.360,700
432,61.0,2025-09-10,2025-09-10 14:10:07,002455.SZ,S,7.000,100
433,61.0,2025-09-10,2025-09-10 14:10:06,600105.SH,B,10.660,400
434,59.0,2025-09-10,2025-09-10 14:10:05,002497.SZ,S,13.890,100
435,58.0,2025-09-10,2025-09-10 14:10:02,600076.SH,S,2.780,300
436,52.0,2025-09-10,2025-09-10 14:10:01,600076.SH,S,2.780,100
437,61.0,2025-09-10,2025-09-10 14:09:58,002190.SZ,S,39.550,200
438,59.0,2025-09-10,2025-09-10 14:09:57,601658.SH,S,6.280,200
439,59.0,2025-09-10,2025-09-10 14:09:54,600509.SH,S,7.460,1500
440,61.0,2025-09-10,2025-09-10 14:09:52,301193.SZ,S,21.380,200
441,58.0,2025-09-10,2025-09-10 14:09:48,002259.SZ,S,4.220,400
442,52.0,2025-09-10,2025-09-10 14:09:50,002190.SZ,S,39.560,100
443,58.0,2025-09-10,2025-09-10 14:09:48,002259.SZ,S,4.220,200
444,58.0,2025-09-10,2025-09-10 14:09:41,002190.SZ,S,39.570,300
445,61.0,2025-09-10,2025-09-10 14:09:35,002015.SZ,B,12.110,200
446,59.0,2025-09-10,2025-09-10 14:09:35,002015.SZ,B,12.110,300
447,52.0,2025-09-10,2025-09-10 14:08:04,000425.SZ,B,9.920,300
448,51.0,2025-09-10,2025-09-10 14:09:25,600509.SH,S,7.470,1100
449,51.0,2025-09-10,2025-09-10 14:09:25,600509.SH,S,7.470,100
450,61.0,2025-09-10,2025-09-10 14:09:19,002428.SZ,B,27.500,200
451,52.0,2025-09-10,2025-09-10 14:09:19,600549.SH,B,30.810,100
452,58.0,2025-09-10,2025-09-10 14:09:09,600869.SH,B,6.990,700
453,58.0,2025-09-10,2025-09-10 14:09:06,002072.SZ,S,8.040,400
454,61.0,2025-09-10,2025-09-10 14:08:58,000657.SZ,B,18.920,200
455,61.0,2025-09-10,2025-09-10 14:08:56,601658.SH,S,6.280,700
456,59.0,2025-09-10,2025-09-10 14:08:45,300536.SZ,S,9.870,200
457,61.0,2025-09-10,2025-09-10 14:08:45,300536.SZ,S,9.870,400
458,52.0,2025-09-10,2025-09-10 14:08:45,600728.SH,S,7.100,500
459,58.0,2025-09-10,2025-09-10 14:08:46,600728.SH,S,7.100,2500
460,58.0,2025-09-10,2025-09-10 14:08:45,300536.SZ,S,9.870,100
461,58.0,2025-09-10,2025-09-10 14:08:45,300536.SZ,S,9.870,300
462,52.0,2025-09-10,2025-09-10 14:08:44,300536.SZ,S,9.870,100
463,51.0,2025-09-10,2025-09-10 14:08:45,002072.SZ,S,8.050,600
464,51.0,2025-09-10,2025-09-10 14:08:42,600724.SH,S,5.220,300
465,58.0,2025-09-10,2025-09-10 14:08:38,002186.SZ,S,12.700,500
466,51.0,2025-09-10,2025-09-10 14:08:27,300150.SZ,S,5.460,200
467,58.0,2025-09-10,2025-09-10 14:08:14,600326.SH,S,13.420,100
468,61.0,2025-09-10,2025-09-10 14:08:12,600869.SH,B,6.990,900
469,58.0,2025-09-10,2025-09-10 14:08:04,600549.SH,B,30.870,100
470,52.0,2025-09-10,2025-09-10 14:07:51,002272.SZ,S,15.920,100
471,52.0,2025-09-10,2025-09-10 14:07:46,002186.SZ,S,12.700,300
472,52.0,2025-09-10,2025-09-10 14:07:46,002186.SZ,S,12.700,100
473,58.0,2025-09-10,2025-09-10 14:08:04,600549.SH,B,30.870,100
474,58.0,2025-09-10,2025-09-10 14:07:57,600353.SH,B,16.990,300
475,58.0,2025-09-10,2025-09-10 14:07:48,600105.SH,B,10.720,2200
476,52.0,2025-09-10,2025-09-10 14:07:38,600105.SH,B,10.720,600
477,52.0,2025-09-10,2025-09-10 14:07:19,600105.SH,B,10.720,600
478,58.0,2025-09-10,2025-09-10 14:07:44,002272.SZ,S,15.920,300
479,61.0,2025-09-10,2025-09-10 14:07:29,002497.SZ,B,13.920,100
480,61.0,2025-09-10,2025-09-10 14:07:23,002497.SZ,B,13.920,100
481,59.0,2025-09-10,2025-09-10 14:07:17,000737.SZ,S,12.050,100
482,51.0,2025-09-10,2025-09-10 14:07:11,301193.SZ,S,21.450,300
483,59.0,2025-09-10,2025-09-10 14:06:46,002245.SZ,B,17.730,900
484,61.0,2025-09-10,2025-09-10 14:06:40,002190.SZ,S,39.620,200
485,59.0,2025-09-10,2025-09-10 14:06:40,002190.SZ,S,39.620,100
486,59.0,2025-09-10,2025-09-10 14:06:34,600114.SH,S,28.070,100
487,52.0,2025-09-10,2025-09-10 14:06:31,600869.SH,B,6.990,500
488,61.0,2025-09-10,2025-09-10 14:06:27,600475.SH,B,20.230,200
489,59.0,2025-09-10,2025-09-10 14:06:24,002186.SZ,S,12.710,400
490,61.0,2025-09-10,2025-09-10 14:06:21,002186.SZ,S,12.710,400
491,51.0,2025-09-10,2025-09-10 14:06:23,002186.SZ,S,12.710,400
492,61.0,2025-09-10,2025-09-10 14:06:17,600114.SH,B,28.070,100
493,61.0,2025-09-10,2025-09-10 14:06:17,600114.SH,B,28.070,100
494,58.0,2025-09-10,2025-09-10 14:06:14,600475.SH,B,20.240,200
495,58.0,2025-09-10,2025-09-10 14:06:14,600475.SH,B,20.240,100
496,51.0,2025-09-10,2025-09-10 14:06:17,603633.SH,S,10.760,100
497,61.0,2025-09-10,2025-09-10 14:06:13,002186.SZ,S,12.710,200
498,51.0,2025-09-10,2025-09-10 14:06:08,603289.SH,S,10.650,100
499,58.0,2025-09-10,2025-09-10 14:06:05,600869.SH,B,6.980,2500
500,58.0,2025-09-10,2025-09-10 14:06:04,000831.SZ,S,52.780,200
501,52.0,2025-09-10,2025-09-10 14:06:01,600410.SH,S,18.780,100
502,58.0,2025-09-10,2025-09-10 14:06:00,600509.SH,S,7.510,2400
503,58.0,2025-09-10,2025-09-10 14:05:59,002245.SZ,B,17.710,300
504,58.0,2025-09-10,2025-09-10 14:05:59,002245.SZ,B,17.710,300
505,58.0,2025-09-10,2025-09-10 14:05:59,002245.SZ,B,17.710,100
506,58.0,2025-09-10,2025-09-10 14:05:59,002245.SZ,B,17.710,800
507,61.0,2025-09-10,2025-09-10 14:05:58,600105.SH,B,10.720,100
508,61.0,2025-09-10,2025-09-10 14:05:58,600105.SH,B,10.720,600
509,52.0,2025-09-10,2025-09-10 14:05:52,600509.SH,S,7.510,700
510,58.0,2025-09-10,2025-09-10 14:05:49,301381.SZ,B,24.220,100
511,61.0,2025-09-10,2025-09-10 14:05:48,600226.SH,S,3.610,2900
512,59.0,2025-09-10,2025-09-10 14:05:48,600226.SH,S,3.610,1100
513,59.0,2025-09-10,2025-09-10 14:05:46,600105.SH,B,10.720,100
514,59.0,2025-09-10,2025-09-10 14:05:46,600105.SH,B,10.720,400
515,52.0,2025-09-10,2025-09-10 14:02:36,002072.SZ,S,8.040,200
516,58.0,2025-09-10,2025-09-10 14:05:36,301193.SZ,S,21.430,400
517,58.0,2025-09-10,2025-09-10 14:05:35,002735.SZ,B,16.720,300
518,52.0,2025-09-10,2025-09-10 14:05:06,002015.SZ,B,12.120,300
519,58.0,2025-09-10,2025-09-10 14:05:26,301193.SZ,S,21.430,400
520,58.0,2025-09-10,2025-09-10 14:05:22,002245.SZ,B,17.700,300
521,58.0,2025-09-10,2025-09-10 14:05:19,002245.SZ,B,17.700,200
522,58.0,2025-09-10,2025-09-10 14:05:15,002015.SZ,B,12.120,100
523,58.0,2025-09-10,2025-09-10 14:05:13,002015.SZ,B,12.120,300
524,58.0,2025-09-10,2025-09-10 14:05:09,002015.SZ,B,12.120,300
525,58.0,2025-09-10,2025-09-10 14:05:02,603367.SH,S,21.320,100
526,52.0,2025-09-10,2025-09-10 14:04:39,603367.SH,S,21.320,100
527,61.0,2025-09-10,2025-09-10 14:05:00,002167.SZ,B,14.840,200
528,52.0,2025-09-10,2025-09-10 14:02:39,002259.SZ,S,4.210,100
529,58.0,2025-09-10,2025-09-10 14:04:34,600526.SH,S,5.250,100
530,61.0,2025-09-10,2025-09-10 14:04:33,600869.SH,B,6.980,1200
531,61.0,2025-09-10,2025-09-10 14:04:28,600549.SH,B,30.790,200
532,59.0,2025-09-10,2025-09-10 14:04:28,600549.SH,B,30.790,200
533,59.0,2025-09-10,2025-09-10 14:04:28,600549.SH,B,30.790,100
534,58.0,2025-09-10,2025-09-10 14:04:29,600549.SH,B,30.790,200
535,52.0,2025-09-10,2025-09-10 14:04:28,600549.SH,B,30.800,100
536,52.0,2025-09-10,2025-09-10 14:04:12,000831.SZ,S,52.750,100
537,58.0,2025-09-10,2025-09-10 14:04:20,000831.SZ,S,52.750,100
538,51.0,2025-09-10,2025-09-10 14:04:11,002195.SZ,S,7.940,500
539,52.0,2025-09-10,2025-09-10 14:03:59,002195.SZ,S,7.940,100
540,61.0,2025-09-10,2025-09-10 14:04:06,688472.SH,B,12.310,600
541,61.0,2025-09-10,2025-09-10 14:04:00,002941.SZ,S,16.030,300
542,59.0,2025-09-10,2025-09-10 14:04:00,002941.SZ,S,16.030,100
543,52.0,2025-09-10,2025-09-10 14:02:34,000657.SZ,B,18.880,300
544,58.0,2025-09-10,2025-09-10 14:03:26,002651.SZ,S,11.490,100
545,58.0,2025-09-10,2025-09-10 14:03:22,002562.SZ,B,6.510,1300
546,61.0,2025-09-10,2025-09-10 14:03:03,603367.SH,S,21.320,100
547,58.0,2025-09-10,2025-09-10 14:03:01,002941.SZ,S,16.030,200
548,58.0,2025-09-10,2025-09-10 14:03:00,002426.SZ,B,3.670,300
549,58.0,2025-09-10,2025-09-10 14:03:00,002426.SZ,B,3.670,100
550,58.0,2025-09-10,2025-09-10 14:03:00,002426.SZ,B,3.670,400
551,58.0,2025-09-10,2025-09-10 14:03:00,002426.SZ,B,3.670,200
552,52.0,2025-09-10,2025-09-10 14:02:40,002426.SZ,B,3.670,300
553,61.0,2025-09-10,2025-09-10 14:02:57,603538.SH,B,24.550,200
554,59.0,2025-09-10,2025-09-10 14:02:57,603538.SH,B,24.550,100
555,52.0,2025-09-10,2025-09-10 14:02:58,002562.SZ,B,6.520,300
556,61.0,2025-09-10,2025-09-10 14:02:54,002426.SZ,B,3.670,100
557,61.0,2025-09-10,2025-09-10 14:02:52,002426.SZ,B,3.670,100
558,59.0,2025-09-10,2025-09-10 14:02:48,002426.SZ,B,3.670,300
559,61.0,2025-09-10,2025-09-10 14:02:44,601012.SH,B,17.210,200
560,61.0,2025-09-10,2025-09-10 14:02:41,600076.SH,S,2.780,400
561,59.0,2025-09-10,2025-09-10 14:02:41,600076.SH,S,2.780,200
562,61.0,2025-09-10,2025-09-10 14:02:38,002562.SZ,B,6.510,100
563,61.0,2025-09-10,2025-09-10 14:02:38,002562.SZ,B,6.510,900
564,59.0,2025-09-10,2025-09-10 14:02:38,002562.SZ,B,6.510,900
565,52.0,2025-09-10,2025-09-10 14:01:17,002471.SZ,S,4.590,100
566,51.0,2025-09-10,2025-09-10 14:02:39,002471.SZ,S,4.590,300
567,58.0,2025-09-10,2025-09-10 14:02:35,002562.SZ,B,6.510,500
568,59.0,2025-09-10,2025-09-10 14:02:35,002129.SZ,S,8.430,300
569,51.0,2025-09-10,2025-09-10 14:02:30,000425.SZ,B,9.890,800
570,58.0,2025-09-10,2025-09-10 14:02:22,600869.SH,B,6.960,500
571,59.0,2025-09-10,2025-09-10 14:02:22,600869.SH,B,6.960,1300
572,52.0,2025-09-10,2025-09-10 14:01:17,600869.SH,B,6.960,1000
573,61.0,2025-09-10,2025-09-10 14:02:20,600105.SH,B,10.690,580
574,58.0,2025-09-10,2025-09-10 14:02:18,601658.SH,S,6.280,500
575,58.0,2025-09-10,2025-09-10 14:02:18,601658.SH,S,6.280,100
576,52.0,2025-09-10,2025-09-10 14:01:17,601658.SH,S,6.280,100
577,61.0,2025-09-10,2025-09-10 14:02:15,002302.SZ,S,6.890,600
578,59.0,2025-09-10,2025-09-10 14:02:15,002302.SZ,S,6.890,200
579,61.0,2025-09-10,2025-09-10 14:02:15,600105.SH,B,10.690,120
580,59.0,2025-09-10,2025-09-10 14:02:15,600105.SH,B,10.690,500
581,59.0,2025-09-10,2025-09-10 14:02:12,600509.SH,S,7.500,400
582,59.0,2025-09-10,2025-09-10 14:02:12,600509.SH,S,7.500,800
583,61.0,2025-09-10,2025-09-10 14:02:09,002259.SZ,S,4.200,700
584,59.0,2025-09-10,2025-09-10 14:02:09,002259.SZ,S,4.200,300
585,59.0,2025-09-10,2025-09-10 14:02:07,600728.SH,S,7.090,900
586,61.0,2025-09-10,2025-09-10 14:02:06,600728.SH,S,7.090,900
587,59.0,2025-09-10,2025-09-10 14:02:06,002072.SZ,S,8.030,100
588,58.0,2025-09-10,2025-09-10 14:02:03,688472.SH,B,12.290,898
589,58.0,2025-09-10,2025-09-10 14:01:50,002302.SZ,S,6.870,500
590,52.0,2025-09-10,2025-09-10 14:01:17,600509.SH,S,7.500,1100
591,58.0,2025-09-10,2025-09-10 14:01:47,600509.SH,S,7.500,2000
592,58.0,2025-09-10,2025-09-10 14:01:46,600509.SH,S,7.500,500
593,58.0,2025-09-10,2025-09-10 14:01:45,600509.SH,S,7.500,2000
594,52.0,2025-09-10,2025-09-10 14:01:24,301193.SZ,S,21.390,100
595,51.0,2025-09-10,2025-09-10 14:01:46,002272.SZ,S,15.920,100
596,61.0,2025-09-10,2025-09-10 14:01:40,002735.SZ,B,16.670,200
597,59.0,2025-09-10,2025-09-10 14:01:40,002735.SZ,B,16.670,100
598,61.0,2025-09-10,2025-09-10 14:01:39,002624.SZ,S,17.170,100
599,52.0,2025-09-10,2025-09-10 14:01:24,301193.SZ,S,21.390,100
600,61.0,2025-09-10,2025-09-10 14:01:36,600326.SH,S,13.450,200
601,61.0,2025-09-10,2025-09-10 14:01:31,002272.SZ,S,15.920,400
602,59.0,2025-09-10,2025-09-10 14:01:31,002272.SZ,S,15.920,100
603,58.0,2025-09-10,2025-09-10 14:01:29,688472.SH,B,12.300,200
604,58.0,2025-09-10,2025-09-10 14:01:24,600594.SH,S,4.360,2100
605,52.0,2025-09-10,2025-09-10 14:01:17,600594.SH,S,4.360,400
606,58.0,2025-09-10,2025-09-10 14:01:23,603538.SH,B,24.490,300
607,52.0,2025-09-10,2025-09-10 14:01:17,002302.SZ,S,6.880,100
608,59.0,2025-09-10,2025-09-10 14:01:14,000831.SZ,S,52.800,200
609,61.0,2025-09-10,2025-09-10 14:01:13,000831.SZ,S,52.800,400
610,58.0,2025-09-10,2025-09-10 13:58:16,002129.SZ,B,8.430,400
611,61.0,2025-09-10,2025-09-10 13:58:15,002497.SZ,B,13.890,400
612,61.0,2025-09-10,2025-09-10 13:58:14,002356.SZ,S,3.600,1200
613,58.0,2025-09-10,2025-09-10 13:58:13,601012.SH,B,17.180,200
614,58.0,2025-09-10,2025-09-10 13:58:09,600526.SH,S,5.240,500
615,58.0,2025-09-10,2025-09-10 13:58:09,600526.SH,S,5.240,400
616,52.0,2025-09-10,2025-09-10 13:58:09,600526.SH,S,5.240,200
617,52.0,2025-09-10,2025-09-10 13:58:09,000428.SZ,S,3.860,100
618,61.0,2025-09-10,2025-09-10 13:58:06,002497.SZ,B,13.900,300
619,61.0,2025-09-10,2025-09-10 13:58:06,002497.SZ,B,13.900,100
620,58.0,2025-09-10,2025-09-10 13:58:05,688310.SH,S,20.190,76
621,58.0,2025-09-10,2025-09-10 13:58:03,688310.SH,S,20.190,394
622,61.0,2025-09-10,2025-09-10 13:58:02,301125.SZ,B,19.700,300
623,61.0,2025-09-10,2025-09-10 13:58:02,688310.SH,S,20.190,6
624,61.0,2025-09-10,2025-09-10 13:58:02,688310.SH,S,20.190,320
625,58.0,2025-09-10,2025-09-10 13:57:47,002356.SZ,S,3.600,1400
626,58.0,2025-09-10,2025-09-10 13:57:47,002356.SZ,S,3.600,600
627,52.0,2025-09-10,2025-09-10 13:57:47,002356.SZ,S,3.600,1100
628,51.0,2025-09-10,2025-09-10 13:57:38,000428.SZ,S,3.870,100
629,61.0,2025-09-10,2025-09-10 13:57:17,603583.SH,B,41.400,300
630,51.0,2025-09-10,2025-09-10 13:57:14,002190.SZ,S,39.560,100
631,58.0,2025-09-10,2025-09-10 13:55:25,688310.SH,S,20.190,200
632,58.0,2025-09-10,2025-09-10 13:55:24,002195.SZ,S,7.820,500
633,51.0,2025-09-10,2025-09-10 13:55:27,002195.SZ,S,7.820,700
634,52.0,2025-09-10,2025-09-10 13:55:21,002195.SZ,S,7.820,500
635,51.0,2025-09-10,2025-09-10 13:55:19,002129.SZ,B,8.420,500
636,51.0,2025-09-10,2025-09-10 13:55:13,600737.SH,S,16.730,100
637,58.0,2025-09-10,2025-09-10 13:55:10,002167.SZ,B,14.770,400
638,61.0,2025-09-10,2025-09-10 13:54:53,603256.SH,S,36.330,100
639,58.0,2025-09-10,2025-09-10 13:54:51,603256.SH,S,36.330,100
640,58.0,2025-09-10,2025-09-10 13:54:51,603256.SH,S,36.330,100
641,51.0,2025-09-10,2025-09-10 13:54:51,600549.SH,B,30.720,300
642,58.0,2025-09-10,2025-09-10 13:54:46,688310.SH,S,20.230,200
643,58.0,2025-09-10,2025-09-10 13:54:46,600026.SH,B,12.010,100
644,61.0,2025-09-10,2025-09-10 13:54:45,600397.SH,B,7.730,300
645,52.0,2025-09-10,2025-09-10 13:51:38,603628.SH,S,13.800,100
646,51.0,2025-09-10,2025-09-10 13:54:35,600549.SH,B,30.720,1400
647,59.0,2025-09-10,2025-09-10 13:54:31,002497.SZ,B,13.840,400
648,59.0,2025-09-10,2025-09-10 13:54:22,600594.SH,S,4.350,400
649,61.0,2025-09-10,2025-09-10 13:54:22,600594.SH,S,4.350,1100
650,58.0,2025-09-10,2025-09-10 13:54:14,600594.SH,S,4.350,1000
651,52.0,2025-09-10,2025-09-10 13:46:17,600594.SH,S,4.350,300
652,58.0,2025-09-10,2025-09-10 13:54:12,600114.SH,B,27.960,400
653,52.0,2025-09-10,2025-09-10 13:54:09,300340.SZ,B,15.020,200
654,59.0,2025-09-10,2025-09-10 13:53:43,002455.SZ,S,6.990,300
655,61.0,2025-09-10,2025-09-10 13:53:36,000657.SZ,B,18.840,300
656,61.0,2025-09-10,2025-09-10 13:53:36,000657.SZ,B,18.840,100
657,61.0,2025-09-10,2025-09-10 13:53:36,000657.SZ,B,18.840,200
658,61.0,2025-09-10,2025-09-10 13:53:36,000657.SZ,B,18.840,100
659,61.0,2025-09-10,2025-09-10 13:53:36,000657.SZ,B,18.840,200
660,61.0,2025-09-10,2025-09-10 13:53:32,603256.SH,S,36.370,200
661,58.0,2025-09-10,2025-09-10 13:53:20,002129.SZ,B,8.410,600
662,52.0,2025-09-10,2025-09-10 13:50:24,002129.SZ,B,8.410,400
663,61.0,2025-09-10,2025-09-10 13:53:13,002455.SZ,S,6.990,900
664,58.0,2025-09-10,2025-09-10 13:52:58,300709.SZ,B,49.880,100
665,61.0,2025-09-10,2025-09-10 13:52:49,001330.SZ,S,5.920,600
666,61.0,2025-09-10,2025-09-10 13:52:46,600475.SH,B,20.290,300
667,61.0,2025-09-10,2025-09-10 13:52:30,002436.SZ,B,19.190,300
668,58.0,2025-09-10,2025-09-10 13:52:26,000737.SZ,S,11.990,300
669,58.0,2025-09-10,2025-09-10 13:52:17,002195.SZ,S,7.820,100
670,58.0,2025-09-10,2025-09-10 13:52:17,002195.SZ,S,7.820,100
671,58.0,2025-09-10,2025-09-10 13:52:16,002195.SZ,S,7.820,100
672,58.0,2025-09-10,2025-09-10 13:52:16,002195.SZ,S,7.820,500
673,58.0,2025-09-10,2025-09-10 13:52:16,002195.SZ,S,7.820,100
674,58.0,2025-09-10,2025-09-10 13:52:14,002550.SZ,S,9.990,600
675,52.0,2025-09-10,2025-09-10 13:52:13,002550.SZ,S,9.990,200
676,59.0,2025-09-10,2025-09-10 13:52:09,688310.SH,S,20.210,473
677,61.0,2025-09-10,2025-09-10 13:52:10,688310.SH,S,20.210,172
678,61.0,2025-09-10,2025-09-10 13:52:10,688310.SH,S,20.210,200
679,61.0,2025-09-10,2025-09-10 13:52:10,688310.SH,S,20.210,200
680,61.0,2025-09-10,2025-09-10 13:52:09,688310.SH,S,20.210,28
681,51.0,2025-09-10,2025-09-10 13:52:08,002195.SZ,S,7.820,1100
682,58.0,2025-09-10,2025-09-10 13:52:05,688310.SH,S,20.210,99
683,58.0,2025-09-10,2025-09-10 13:51:46,002455.SZ,S,7.000,606
684,58.0,2025-09-10,2025-09-10 13:51:46,002455.SZ,S,7.000,194
685,52.0,2025-09-10,2025-09-10 13:46:17,002455.SZ,S,7.000,6
686,52.0,2025-09-10,2025-09-10 13:46:17,002455.SZ,S,7.000,194
687,58.0,2025-09-10,2025-09-10 13:51:30,601012.SH,B,17.170,200
688,52.0,2025-09-10,2025-09-10 13:51:25,601012.SH,B,17.170,200
689,58.0,2025-09-10,2025-09-10 13:51:29,601012.SH,B,17.170,400
690,58.0,2025-09-10,2025-09-10 13:51:26,002428.SZ,B,27.500,300
691,52.0,2025-09-10,2025-09-10 13:51:25,002428.SZ,B,27.500,200
692,61.0,2025-09-10,2025-09-10 13:51:24,002428.SZ,B,27.500,300
693,59.0,2025-09-10,2025-09-10 13:51:22,002129.SZ,B,8.420,100
694,59.0,2025-09-10,2025-09-10 13:51:22,002129.SZ,B,8.420,600
695,52.0,2025-09-10,2025-09-10 13:49:42,002195.SZ,S,7.830,800
696,58.0,2025-09-10,2025-09-10 13:51:16,600530.SH,S,8.020,100
697,58.0,2025-09-10,2025-09-10 13:51:01,688310.SH,S,20.210,101
698,59.0,2025-09-10,2025-09-10 13:50:48,603661.SH,S,32.740,100
699,61.0,2025-09-10,2025-09-10 13:50:46,603661.SH,S,32.740,100
700,51.0,2025-09-10,2025-09-10 13:50:37,002436.SZ,S,19.220,200
701,58.0,2025-09-10,2025-09-10 13:50:28,603256.SH,S,36.350,200
702,59.0,2025-09-10,2025-09-10 13:50:24,601012.SH,B,17.170,700
703,58.0,2025-09-10,2025-09-10 13:50:22,000962.SZ,B,22.780,100
704,61.0,2025-09-10,2025-09-10 13:50:21,603538.SH,B,24.500,300
705,58.0,2025-09-10,2025-09-10 13:50:11,601658.SH,S,6.280,100
706,58.0,2025-09-10,2025-09-10 13:50:11,601658.SH,S,6.280,500
707,52.0,2025-09-10,2025-09-10 13:50:11,601658.SH,S,6.280,200
708,59.0,2025-09-10,2025-09-10 13:50:10,601658.SH,S,6.280,300
709,61.0,2025-09-10,2025-09-10 13:50:10,601658.SH,S,6.280,700
710,59.0,2025-09-10,2025-09-10 13:49:55,000737.SZ,S,11.990,100
711,61.0,2025-09-10,2025-09-10 13:49:54,000737.SZ,S,11.990,300
712,51.0,2025-09-10,2025-09-10 13:49:51,001330.SZ,S,5.930,1200
713,59.0,2025-09-10,2025-09-10 13:49:39,600114.SH,B,27.940,400
714,61.0,2025-09-10,2025-09-10 13:49:39,600114.SH,B,27.940,300
715,58.0,2025-09-10,2025-09-10 13:49:26,002046.SZ,S,33.510,100
716,51.0,2025-09-10,2025-09-10 13:49:28,603633.SH,S,10.710,200
717,59.0,2025-09-10,2025-09-10 13:49:18,603256.SH,S,36.360,300
718,61.0,2025-09-10,2025-09-10 13:49:18,603256.SH,S,36.360,100
719,61.0,2025-09-10,2025-09-10 13:49:18,603256.SH,S,36.360,200
720,61.0,2025-09-10,2025-09-10 13:49:17,603256.SH,S,36.360,100
721,61.0,2025-09-10,2025-09-10 13:49:03,002356.SZ,S,3.600,900
722,59.0,2025-09-10,2025-09-10 13:49:03,002356.SZ,S,3.600,800
723,51.0,2025-09-10,2025-09-10 13:49:06,002356.SZ,S,3.600,2600
724,52.0,2025-09-10,2025-09-10 13:48:28,002167.SZ,B,14.800,200
725,61.0,2025-09-10,2025-09-10 13:48:35,601012.SH,B,17.170,300
726,59.0,2025-09-10,2025-09-10 13:48:30,002550.SZ,S,9.990,200
727,61.0,2025-09-10,2025-09-10 13:48:30,002550.SZ,S,9.990,700
728,58.0,2025-09-10,2025-09-10 13:48:24,603256.SH,S,36.310,300
729,52.0,2025-09-10,2025-09-10 13:48:23,603256.SH,S,36.310,200
730,58.0,2025-09-10,2025-09-10 13:48:17,002735.SZ,B,16.630,100
731,52.0,2025-09-10,2025-09-10 13:48:17,002735.SZ,B,16.630,200
732,52.0,2025-09-10,2025-09-10 13:48:15,600114.SH,B,27.970,100
733,58.0,2025-09-10,2025-09-10 13:48:16,600114.SH,B,27.970,400
734,52.0,2025-09-10,2025-09-10 13:48:15,600114.SH,B,27.970,100
735,59.0,2025-09-10,2025-09-10 13:48:02,002195.SZ,S,7.820,415
736,59.0,2025-09-10,2025-09-10 13:48:02,002195.SZ,S,7.820,485
737,52.0,2025-09-10,2025-09-10 13:47:57,600549.SH,B,30.720,200
738,51.0,2025-09-10,2025-09-10 13:47:45,603628.SH,S,13.780,100
739,58.0,2025-09-10,2025-09-10 13:47:35,603538.SH,B,24.500,100
740,52.0,2025-09-10,2025-09-10 13:47:02,002245.SZ,S,17.630,200
741,61.0,2025-09-10,2025-09-10 13:47:18,002129.SZ,B,8.410,700
742,52.0,2025-09-10,2025-09-10 13:47:01,002624.SZ,S,17.090,100
743,58.0,2025-09-10,2025-09-10 13:47:06,002195.SZ,S,7.820,1100
744,51.0,2025-09-10,2025-09-10 13:47:09,002195.SZ,S,7.820,1400
745,52.0,2025-09-10,2025-09-10 13:47:05,603633.SH,S,10.700,100
746,58.0,2025-09-10,2025-09-10 13:46:58,002167.SZ,B,14.790,600
747,51.0,2025-09-10,2025-09-10 13:46:57,002471.SZ,S,4.580,100
748,51.0,2025-09-10,2025-09-10 13:46:53,603256.SH,S,36.360,100
749,58.0,2025-09-10,2025-09-10 13:46:40,000657.SZ,B,18.890,1500
750,52.0,2025-09-10,2025-09-10 13:46:40,000657.SZ,B,18.890,400
751,58.0,2025-09-10,2025-09-10 13:46:30,002497.SZ,S,13.840,100
752,61.0,2025-09-10,2025-09-10 13:46:27,002167.SZ,B,14.800,700
753,52.0,2025-09-10,2025-09-10 13:46:17,001330.SZ,S,5.930,1000
754,58.0,2025-09-10,2025-09-10 13:46:24,001330.SZ,S,5.930,2500
755,58.0,2025-09-10,2025-09-10 13:46:24,001330.SZ,S,5.930,500
756,61.0,2025-09-10,2025-09-10 13:46:24,001330.SZ,S,5.930,500
757,61.0,2025-09-10,2025-09-10 13:46:22,001330.SZ,S,5.930,1700
758,59.0,2025-09-10,2025-09-10 13:46:21,002167.SZ,B,14.800,200
759,59.0,2025-09-10,2025-09-10 13:46:21,002167.SZ,B,14.800,500
760,61.0,2025-09-10,2025-09-10 13:46:21,001330.SZ,S,5.930,400
761,59.0,2025-09-10,2025-09-10 13:46:20,001330.SZ,S,5.930,1200
762,61.0,2025-09-10,2025-09-10 13:46:15,600526.SH,S,5.230,1000
763,58.0,2025-09-10,2025-09-10 13:46:15,688472.SH,B,12.290,563
764,58.0,2025-09-10,2025-09-10 13:46:15,688472.SH,B,12.290,143
765,59.0,2025-09-10,2025-09-10 13:46:12,600526.SH,S,5.230,400
766,59.0,2025-09-10,2025-09-10 13:46:12,000959.SZ,S,4.110,100
767,58.0,2025-09-10,2025-09-10 13:42:04,002436.SZ,B,19.210,200
768,58.0,2025-09-10,2025-09-10 13:40:46,600735.SH,B,5.470,100
769,58.0,2025-09-10,2025-09-10 13:40:40,600735.SH,B,5.470,200
770,58.0,2025-09-10,2025-09-10 13:40:38,600530.SH,S,8.040,100
771,58.0,2025-09-10,2025-09-10 13:40:02,300066.SZ,B,6.630,400
772,58.0,2025-09-10,2025-09-10 13:39:56,300450.SZ,S,58.300,100
773,58.0,2025-09-10,2025-09-10 13:39:56,300066.SZ,B,6.630,800
774,51.0,2025-09-10,2025-09-10 13:39:19,600673.SH,B,24.200,200
775,51.0,2025-09-10,2025-09-10 13:39:03,600105.SH,B,10.640,600
776,51.0,2025-09-10,2025-09-10 13:38:45,300450.SZ,S,58.190,300
777,58.0,2025-09-10,2025-09-10 13:38:41,300450.SZ,S,58.200,200
778,52.0,2025-09-10,2025-09-10 13:38:41,300450.SZ,S,58.200,100
779,51.0,2025-09-10,2025-09-10 13:38:43,300450.SZ,S,58.190,300
780,51.0,2025-09-10,2025-09-10 13:38:33,002245.SZ,B,17.610,200
781,58.0,2025-09-10,2025-09-10 13:37:57,600397.SH,B,7.710,300
782,58.0,2025-09-10,2025-09-10 13:37:50,300340.SZ,B,15.020,300
783,58.0,2025-09-10,2025-09-10 13:37:45,601012.SH,B,17.150,300
784,61.0,2025-09-10,2025-09-10 13:37:28,300066.SZ,B,6.640,100
785,61.0,2025-09-10,2025-09-10 13:37:28,300066.SZ,B,6.640,100
786,61.0,2025-09-10,2025-09-10 13:37:28,300066.SZ,B,6.640,200
787,61.0,2025-09-10,2025-09-10 13:37:28,300066.SZ,B,6.640,100
788,51.0,2025-09-10,2025-09-10 13:36:07,002436.SZ,B,19.240,600
789,59.0,2025-09-10,2025-09-10 13:35:47,002436.SZ,B,19.230,200
790,59.0,2025-09-10,2025-09-10 13:35:46,002436.SZ,B,19.230,100
791,59.0,2025-09-10,2025-09-10 13:35:46,002436.SZ,B,19.230,100
792,59.0,2025-09-10,2025-09-10 13:35:46,002436.SZ,B,19.230,100
793,58.0,2025-09-10,2025-09-10 13:35:16,002550.SZ,S,9.980,200
794,59.0,2025-09-10,2025-09-10 13:34:26,301096.SZ,S,61.970,100
795,58.0,2025-09-10,2025-09-10 13:34:19,002436.SZ,B,19.220,500
796,51.0,2025-09-10,2025-09-10 13:34:06,002245.SZ,B,17.650,400
797,61.0,2025-09-10,2025-09-10 13:34:03,300066.SZ,B,6.650,1100
798,59.0,2025-09-10,2025-09-10 13:33:28,002550.SZ,S,9.990,100
799,61.0,2025-09-10,2025-09-10 13:33:28,002550.SZ,S,9.990,200
800,51.0,2025-09-10,2025-09-10 13:33:18,600673.SH,B,24.040,400
801,61.0,2025-09-10,2025-09-10 13:32:56,600397.SH,B,7.710,400
802,59.0,2025-09-10,2025-09-10 13:32:40,600475.SH,B,20.220,500
803,52.0,2025-09-10,2025-09-10 13:32:40,002245.SZ,B,17.660,600
804,61.0,2025-09-10,2025-09-10 13:32:37,601012.SH,B,17.170,800
805,58.0,2025-09-10,2025-09-10 13:32:07,603920.SH,B,40.820,200
806,58.0,2025-09-10,2025-09-10 13:32:07,603920.SH,B,40.820,100
807,58.0,2025-09-10,2025-09-10 13:32:04,300450.SZ,S,58.750,300
808,59.0,2025-09-10,2025-09-10 13:32:04,300450.SZ,S,58.750,200
809,52.0,2025-09-10,2025-09-10 13:32:04,300450.SZ,S,58.750,200
810,52.0,2025-09-10,2025-09-10 13:31:26,603098.SH,B,15.970,500
811,52.0,2025-09-10,2025-09-10 13:31:26,603098.SH,B,15.970,100
812,58.0,2025-09-10,2025-09-10 13:31:52,301123.SZ,S,42.190,200
813,52.0,2025-09-10,2025-09-10 13:31:18,600166.SH,S,2.840,200
814,61.0,2025-09-10,2025-09-10 13:31:44,301123.SZ,S,42.180,200
815,58.0,2025-09-10,2025-09-10 13:31:44,688206.SH,S,36.170,240
816,51.0,2025-09-10,2025-09-10 13:31:38,300395.SZ,S,82.830,100
817,61.0,2025-09-10,2025-09-10 13:31:31,688206.SH,S,36.140,258
818,58.0,2025-09-10,2025-09-10 13:31:29,601208.SH,S,18.190,300
819,61.0,2025-09-10,2025-09-10 13:31:29,601208.SH,S,18.190,400
820,59.0,2025-09-10,2025-09-10 13:31:29,601208.SH,S,18.190,100
821,52.0,2025-09-10,2025-09-10 13:31:28,601208.SH,S,18.190,100
822,59.0,2025-09-10,2025-09-10 13:31:26,600397.SH,B,7.700,1100
823,61.0,2025-09-10,2025-09-10 13:31:26,600397.SH,B,7.700,400
824,61.0,2025-09-10,2025-09-10 13:31:24,300731.SZ,S,45.900,100
825,58.0,2025-09-10,2025-09-10 13:31:19,002497.SZ,B,13.860,600
826,58.0,2025-09-10,2025-09-10 13:31:19,002497.SZ,B,13.860,100
827,59.0,2025-09-10,2025-09-10 13:31:14,600530.SH,S,8.140,100
828,51.0,2025-09-10,2025-09-10 13:26:57,601012.SH,B,17.130,300
829,52.0,2025-09-10,2025-09-10 13:25:35,600397.SH,B,7.710,200
830,52.0,2025-09-10,2025-09-10 13:25:35,600397.SH,B,7.710,500
831,51.0,2025-09-10,2025-09-10 13:24:51,000657.SZ,B,18.820,400
832,59.0,2025-09-10,2025-09-10 13:23:36,002497.SZ,S,13.820,100
833,51.0,2025-09-10,2025-09-10 13:22:33,601012.SH,B,17.120,500
834,51.0,2025-09-10,2025-09-10 13:21:45,000657.SZ,B,18.770,200
835,51.0,2025-09-10,2025-09-10 13:21:43,000657.SZ,B,18.770,200
836,51.0,2025-09-10,2025-09-10 13:21:33,605068.SH,S,27.420,300
837,52.0,2025-09-10,2025-09-10 13:21:06,600475.SH,B,20.180,100
838,58.0,2025-09-10,2025-09-10 13:21:21,600475.SH,B,20.180,300
839,52.0,2025-09-10,2025-09-10 13:21:06,600475.SH,B,20.180,200
840,52.0,2025-09-10,2025-09-10 13:20:16,605068.SH,S,27.460,100
841,61.0,2025-09-10,2025-09-10 13:19:46,600635.SH,S,4.250,100
842,51.0,2025-09-10,2025-09-10 13:19:47,600724.SH,S,5.180,300
843,52.0,2025-09-10,2025-09-10 13:19:34,000737.SZ,S,11.970,100
844,52.0,2025-09-10,2025-09-10 13:19:07,600698.SH,S,10.200,100
845,58.0,2025-09-10,2025-09-10 13:19:03,600397.SH,B,7.700,700
846,52.0,2025-09-10,2025-09-10 13:16:17,600166.SH,B,2.840,300
847,52.0,2025-09-10,2025-09-10 13:17:49,600724.SH,S,5.180,100
848,58.0,2025-09-10,2025-09-10 13:18:32,300682.SZ,S,23.960,200
849,59.0,2025-09-10,2025-09-10 13:18:31,603538.SH,S,24.550,100
850,61.0,2025-09-10,2025-09-10 13:18:27,300568.SZ,B,14.030,500
851,61.0,2025-09-10,2025-09-10 13:18:25,300682.SZ,S,23.980,200
852,52.0,2025-09-10,2025-09-10 13:18:09,002938.SZ,S,52.270,100
853,52.0,2025-09-10,2025-09-10 13:17:01,002436.SZ,B,19.210,300
854,52.0,2025-09-10,2025-09-10 13:18:10,300395.SZ,S,83.150,100
855,61.0,2025-09-10,2025-09-10 13:18:06,300251.SZ,S,19.720,100
856,59.0,2025-09-10,2025-09-10 13:17:55,300682.SZ,S,24.040,100
857,51.0,2025-09-10,2025-09-10 13:17:46,603628.SH,S,13.800,300
858,51.0,2025-09-10,2025-09-10 13:17:46,000878.SZ,S,15.020,100
859,58.0,2025-09-10,2025-09-10 13:17:42,300644.SZ,S,35.560,100
860,58.0,2025-09-10,2025-09-10 13:17:40,300066.SZ,B,6.620,1100
861,51.0,2025-09-10,2025-09-10 13:17:42,300324.SZ,S,6.400,100
862,51.0,2025-09-10,2025-09-10 13:17:37,002244.SZ,S,11.150,300
863,61.0,2025-09-10,2025-09-10 13:17:01,300066.SZ,B,6.630,500
864,61.0,2025-09-10,2025-09-10 13:16:59,300499.SZ,S,29.520,100
865,58.0,2025-09-10,2025-09-10 13:16:49,300499.SZ,S,29.510,100
866,58.0,2025-09-10,2025-09-10 13:16:31,300731.SZ,S,46.230,100
867,51.0,2025-09-10,2025-09-10 13:16:25,600210.SH,S,7.670,100
868,52.0,2025-09-10,2025-09-10 13:16:18,600673.SH,B,24.500,300
869,52.0,2025-09-10,2025-09-10 13:16:17,002497.SZ,S,13.800,300
870,61.0,2025-09-10,2025-09-10 13:16:12,000959.SZ,S,4.090,100
871,51.0,2025-09-10,2025-09-10 13:16:15,600333.SH,S,5.560,100
872,61.0,2025-09-10,2025-09-10 13:13:19,300233.SZ,B,21.020,100
873,61.0,2025-09-10,2025-09-10 13:13:19,300233.SZ,B,21.020,100
874,58.0,2025-09-10,2025-09-10 13:13:16,300644.SZ,B,35.590,100
875,61.0,2025-09-10,2025-09-10 13:13:15,603002.SH,S,7.560,400
876,58.0,2025-09-10,2025-09-10 13:13:08,603583.SH,B,41.850,100
877,51.0,2025-09-10,2025-09-10 13:12:41,600521.SH,B,24.680,200
878,51.0,2025-09-10,2025-09-10 13:10:27,603138.SH,S,16.160,200
879,61.0,2025-09-10,2025-09-10 13:10:23,000935.SZ,B,20.210,100
880,58.0,2025-09-10,2025-09-10 13:09:55,300418.SZ,S,40.050,100
881,58.0,2025-09-10,2025-09-10 13:09:49,002410.SZ,S,13.770,200
882,61.0,2025-09-10,2025-09-10 13:09:49,002080.SZ,S,33.750,100
883,58.0,2025-09-10,2025-09-10 13:09:09,002080.SZ,S,33.800,100
884,58.0,2025-09-10,2025-09-10 13:09:09,002080.SZ,S,33.800,100
885,51.0,2025-09-10,2025-09-10 13:09:06,603179.SH,S,64.510,100
886,58.0,2025-09-10,2025-09-10 13:08:46,600698.SH,B,10.240,200
887,52.0,2025-09-10,2025-09-10 13:06:47,600698.SH,B,10.240,700
888,61.0,2025-09-10,2025-09-10 13:08:37,000932.SZ,S,6.120,100
889,58.0,2025-09-10,2025-09-10 13:08:28,002188.SZ,B,5.740,600
890,61.0,2025-09-10,2025-09-10 13:08:20,300752.SZ,B,23.790,100
891,61.0,2025-09-10,2025-09-10 13:08:17,002651.SZ,S,11.510,200
892,58.0,2025-09-10,2025-09-10 13:08:02,603583.SH,B,42.280,200
893,52.0,2025-09-10,2025-09-10 13:07:49,002317.SZ,S,20.700,200
894,59.0,2025-09-10,2025-09-10 13:07:52,002410.SZ,S,13.770,100
895,58.0,2025-09-10,2025-09-10 13:07:51,002317.SZ,S,20.700,300
896,61.0,2025-09-10,2025-09-10 13:07:44,300568.SZ,B,13.750,600
897,58.0,2025-09-10,2025-09-10 13:07:44,603496.SH,S,30.210,100
898,61.0,2025-09-10,2025-09-10 13:07:40,600487.SH,S,20.580,200
899,61.0,2025-09-10,2025-09-10 13:07:37,300043.SZ,S,5.680,700
900,58.0,2025-09-10,2025-09-10 13:07:38,300043.SZ,S,5.680,900
901,51.0,2025-09-10,2025-09-10 13:07:19,002317.SZ,S,20.700,100
902,58.0,2025-09-10,2025-09-10 13:07:03,600397.SH,B,7.730,200
903,61.0,2025-09-10,2025-09-10 13:06:53,601717.SH,B,22.660,400
904,51.0,2025-09-10,2025-09-10 13:06:54,600079.SH,B,22.640,300
905,61.0,2025-09-10,2025-09-10 13:06:38,300568.SZ,B,13.670,400
906,59.0,2025-09-10,2025-09-10 13:06:36,301125.SZ,B,19.810,400
907,61.0,2025-09-10,2025-09-10 13:06:34,600410.SH,S,18.880,500
908,61.0,2025-09-10,2025-09-10 13:06:34,600410.SH,S,18.880,300
909,61.0,2025-09-10,2025-09-10 13:06:18,688472.SH,B,12.380,200
910,59.0,2025-09-10,2025-09-10 13:06:11,603538.SH,B,24.520,400
911,61.0,2025-09-10,2025-09-10 13:06:10,300903.SZ,B,11.750,200
912,61.0,2025-09-10,2025-09-10 13:06:07,300903.SZ,B,11.750,200
913,52.0,2025-09-10,2025-09-10 13:03:12,000737.SZ,S,12.060,100
914,61.0,2025-09-10,2025-09-10 13:06:01,002317.SZ,S,20.680,300
915,59.0,2025-09-10,2025-09-10 13:06:01,002317.SZ,S,20.680,100
916,61.0,2025-09-10,2025-09-10 13:05:52,600698.SH,B,10.240,100
917,58.0,2025-09-10,2025-09-10 13:05:51,000737.SZ,S,12.060,300
918,59.0,2025-09-10,2025-09-10 13:05:49,603002.SH,S,7.580,400
919,59.0,2025-09-10,2025-09-10 13:05:48,600698.SH,B,10.240,200
920,58.0,2025-09-10,2025-09-10 13:05:45,300418.SZ,S,39.980,100
921,58.0,2025-09-10,2025-09-10 13:05:45,300418.SZ,S,39.980,100
922,61.0,2025-09-10,2025-09-10 13:05:40,603068.SH,B,41.320,100
923,61.0,2025-09-10,2025-09-10 13:05:40,603002.SH,S,7.580,100
924,61.0,2025-09-10,2025-09-10 13:05:37,603002.SH,S,7.580,100
925,61.0,2025-09-10,2025-09-10 13:05:37,603002.SH,S,7.580,100
926,61.0,2025-09-10,2025-09-10 13:05:37,603002.SH,S,7.580,100
927,61.0,2025-09-10,2025-09-10 13:05:37,603002.SH,S,7.580,100
928,61.0,2025-09-10,2025-09-10 13:05:35,603002.SH,S,7.580,200
929,51.0,2025-09-10,2025-09-10 13:05:31,600698.SH,B,10.240,300
930,58.0,2025-09-10,2025-09-10 13:05:28,300752.SZ,B,23.730,200
931,61.0,2025-09-10,2025-09-10 13:05:22,000603.SZ,B,19.010,100
932,51.0,2025-09-10,2025-09-10 13:05:16,600521.SH,B,24.660,300
933,51.0,2025-09-10,2025-09-10 13:05:15,600521.SH,B,24.660,100
934,61.0,2025-09-10,2025-09-10 13:05:01,002410.SZ,S,13.760,200
935,52.0,2025-09-10,2025-09-10 13:04:59,603538.SH,B,24.490,300
936,61.0,2025-09-10,2025-09-10 13:04:53,603538.SH,B,24.490,400
937,58.0,2025-09-10,2025-09-10 13:04:53,603538.SH,B,24.490,800
938,59.0,2025-09-10,2025-09-10 13:04:53,002497.SZ,B,13.830,400
939,52.0,2025-09-10,2025-09-10 13:04:32,300903.SZ,B,11.730,700
940,58.0,2025-09-10,2025-09-10 13:04:43,002080.SZ,S,33.610,100
941,52.0,2025-09-10,2025-09-10 13:04:43,603538.SH,B,24.480,400
942,58.0,2025-09-10,2025-09-10 13:04:39,000935.SZ,B,20.140,400
943,61.0,2025-09-10,2025-09-10 13:04:37,002369.SZ,B,9.770,100
944,58.0,2025-09-10,2025-09-10 13:04:32,603988.SH,B,25.920,400
945,58.0,2025-09-10,2025-09-10 13:04:31,301125.SZ,B,19.820,400
946,51.0,2025-09-10,2025-09-10 13:04:24,603906.SH,B,15.320,300
947,59.0,2025-09-10,2025-09-10 13:04:14,603906.SH,S,15.330,100
948,61.0,2025-09-10,2025-09-10 13:04:09,002664.SZ,B,28.500,400
949,51.0,2025-09-10,2025-09-10 13:04:11,603993.SH,B,12.440,300
950,58.0,2025-09-10,2025-09-10 13:04:04,600590.SH,S,9.910,200
951,59.0,2025-09-10,2025-09-10 13:04:01,002080.SZ,S,33.650,100
952,61.0,2025-09-10,2025-09-10 13:04:00,002080.SZ,S,33.650,100
953,61.0,2025-09-10,2025-09-10 13:04:00,002080.SZ,S,33.650,100
954,58.0,2025-09-10,2025-09-10 13:03:58,603002.SH,S,7.580,400
955,58.0,2025-09-10,2025-09-10 13:03:56,301608.SZ,S,97.220,100
956,51.0,2025-09-10,2025-09-10 13:03:58,002136.SZ,B,11.340,300
957,61.0,2025-09-10,2025-09-10 13:03:54,688472.SH,B,12.330,200
958,61.0,2025-09-10,2025-09-10 13:03:54,688472.SH,B,12.340,400
959,58.0,2025-09-10,2025-09-10 13:03:44,001330.SZ,S,5.750,100
960,61.0,2025-09-10,2025-09-10 13:03:44,001330.SZ,S,5.750,100
961,58.0,2025-09-10,2025-09-10 13:03:42,002497.SZ,B,13.820,800
962,52.0,2025-09-10,2025-09-10 13:03:33,002497.SZ,B,13.820,700
963,59.0,2025-09-10,2025-09-10 13:03:38,300418.SZ,S,39.900,200
964,61.0,2025-09-10,2025-09-10 13:03:35,600026.SH,B,11.910,100
965,51.0,2025-09-10,2025-09-10 13:03:37,002851.SZ,S,76.900,200
966,59.0,2025-09-10,2025-09-10 13:03:33,300644.SZ,B,35.750,200
967,61.0,2025-09-10,2025-09-10 13:03:33,300644.SZ,B,35.750,100
968,52.0,2025-09-10,2025-09-10 13:02:52,603628.SH,S,13.790,100
969,61.0,2025-09-10,2025-09-10 13:03:25,603906.SH,B,15.300,100
970,58.0,2025-09-10,2025-09-10 13:03:25,002369.SZ,B,9.770,200
971,61.0,2025-09-10,2025-09-10 13:03:21,601089.SH,S,22.840,100
972,61.0,2025-09-10,2025-09-10 13:03:16,600487.SH,S,20.510,300
973,51.0,2025-09-10,2025-09-10 13:03:19,600487.SH,S,20.530,400
974,51.0,2025-09-10,2025-09-10 13:03:19,600487.SH,S,20.530,100
975,59.0,2025-09-10,2025-09-10 13:03:16,600487.SH,S,20.510,100
976,58.0,2025-09-10,2025-09-10 13:03:13,600487.SH,S,20.520,300
977,58.0,2025-09-10,2025-09-10 13:03:13,600487.SH,S,20.520,100
978,52.0,2025-09-10,2025-09-10 13:03:13,600487.SH,S,20.520,300
979,58.0,2025-09-10,2025-09-10 13:03:11,601089.SH,S,22.860,100
980,59.0,2025-09-10,2025-09-10 13:03:10,300324.SZ,S,6.350,200
981,61.0,2025-09-10,2025-09-10 13:03:10,300324.SZ,S,6.350,500
982,51.0,2025-09-10,2025-09-10 13:03:13,300324.SZ,S,6.350,600
983,58.0,2025-09-10,2025-09-10 13:03:08,300644.SZ,B,35.740,300
984,51.0,2025-09-10,2025-09-10 13:03:02,301013.SZ,B,19.660,300
985,58.0,2025-09-10,2025-09-10 13:02:56,301013.SZ,B,19.660,200
986,52.0,2025-09-10,2025-09-10 13:02:51,603002.SH,S,7.580,300
987,61.0,2025-09-10,2025-09-10 13:02:48,000737.SZ,S,12.060,200
988,61.0,2025-09-10,2025-09-10 13:02:48,000737.SZ,S,12.060,200
989,58.0,2025-09-10,2025-09-10 13:02:47,603002.SH,S,7.580,600
990,59.0,2025-09-10,2025-09-10 13:02:48,000737.SZ,S,12.060,100
991,61.0,2025-09-10,2025-09-10 13:02:46,603988.SH,B,25.900,100
992,59.0,2025-09-10,2025-09-10 13:02:45,603988.SH,B,25.900,200
993,59.0,2025-09-10,2025-09-10 13:02:43,002188.SZ,B,5.760,200
994,58.0,2025-09-10,2025-09-10 13:02:39,300850.SZ,B,35.270,200
995,51.0,2025-09-10,2025-09-10 13:02:39,000737.SZ,S,12.070,300
996,58.0,2025-09-10,2025-09-10 13:02:35,300709.SZ,B,49.520,200
997,61.0,2025-09-10,2025-09-10 13:02:35,300709.SZ,B,49.520,100
998,58.0,2025-09-10,2025-09-10 13:02:30,600410.SH,S,18.800,900
999,58.0,2025-09-10,2025-09-10 13:02:30,600410.SH,S,18.800,300
1000,58.0,2025-09-10,2025-09-10 13:02:30,600410.SH,S,18.800,300
1001,52.0,2025-09-10,2025-09-10 13:02:30,600410.SH,S,18.800,400
1002,61.0,2025-09-10,2025-09-10 13:02:26,301013.SZ,B,19.640,100
1003,61.0,2025-09-10,2025-09-10 13:02:25,600410.SH,S,18.800,700
1004,59.0,2025-09-10,2025-09-10 13:02:25,600410.SH,S,18.800,600
1005,61.0,2025-09-10,2025-09-10 13:02:24,002188.SZ,B,5.760,400
1006,51.0,2025-09-10,2025-09-10 13:02:27,002664.SZ,B,28.560,300
1007,51.0,2025-09-10,2025-09-10 13:02:24,000878.SZ,B,15.100,300
1008,58.0,2025-09-10,2025-09-10 13:02:15,002551.SZ,S,4.180,100
1009,58.0,2025-09-10,2025-09-10 13:02:15,300418.SZ,S,39.880,200
1010,61.0,2025-09-10,2025-09-10 13:02:15,002551.SZ,S,4.180,100
1011,52.0,2025-09-10,2025-09-10 13:01:19,002551.SZ,S,4.180,100
1012,61.0,2025-09-10,2025-09-10 13:02:09,300233.SZ,B,20.920,200
1013,61.0,2025-09-10,2025-09-10 13:02:04,300850.SZ,B,35.330,100
1014,51.0,2025-09-10,2025-09-10 13:02:01,603628.SH,S,13.800,100
1015,59.0,2025-09-10,2025-09-10 13:01:58,300903.SZ,B,11.720,200
1016,58.0,2025-09-10,2025-09-10 13:01:55,300903.SZ,B,11.720,100
1017,58.0,2025-09-10,2025-09-10 13:01:55,300903.SZ,B,11.720,100
1018,58.0,2025-09-10,2025-09-10 13:01:55,300903.SZ,B,11.720,100
1019,58.0,2025-09-10,2025-09-10 13:01:55,300903.SZ,B,11.720,100
1020,58.0,2025-09-10,2025-09-10 13:01:55,300903.SZ,B,11.720,100
1021,58.0,2025-09-10,2025-09-10 13:01:54,300903.SZ,B,11.720,100
1022,61.0,2025-09-10,2025-09-10 13:01:52,600590.SH,S,9.920,300
1023,59.0,2025-09-10,2025-09-10 13:01:52,600590.SH,S,9.920,100
1024,61.0,2025-09-10,2025-09-10 13:01:50,300258.SZ,B,15.380,100
1025,59.0,2025-09-10,2025-09-10 13:01:46,603583.SH,B,42.190,200
1026,61.0,2025-09-10,2025-09-10 13:01:36,601012.SH,B,17.120,100
1027,61.0,2025-09-10,2025-09-10 13:01:29,300043.SZ,S,5.580,1800
1028,61.0,2025-09-10,2025-09-10 13:01:29,002842.SZ,B,11.530,400
1029,61.0,2025-09-10,2025-09-10 13:01:28,300340.SZ,B,14.970,100
1030,59.0,2025-09-10,2025-09-10 13:01:29,300043.SZ,S,5.580,900
1031,52.0,2025-09-10,2025-09-10 13:01:28,300043.SZ,S,5.580,700
1032,51.0,2025-09-10,2025-09-10 13:01:26,300568.SZ,B,13.550,500
1033,51.0,2025-09-10,2025-09-10 13:01:26,300568.SZ,B,13.550,400
1034,51.0,2025-09-10,2025-09-10 13:01:23,600210.SH,B,7.690,300
1035,58.0,2025-09-10,2025-09-10 13:01:19,002651.SZ,S,11.500,100
1036,59.0,2025-09-10,2025-09-10 13:01:20,600397.SH,B,7.720,100
1037,52.0,2025-09-10,2025-09-10 13:01:19,002651.SZ,S,11.500,100
1038,52.0,2025-09-10,2025-09-10 13:01:19,603496.SH,S,30.630,100
1039,61.0,2025-09-10,2025-09-10 13:01:19,603583.SH,B,42.210,100
1040,52.0,2025-09-10,2025-09-10 13:01:19,300324.SZ,S,6.340,300
1041,59.0,2025-09-10,2025-09-10 13:01:18,600397.SH,B,7.720,100
1042,52.0,2025-09-10,2025-09-10 13:01:18,002471.SZ,S,4.590,100
1043,61.0,2025-09-10,2025-09-10 13:01:16,603496.SH,S,30.650,500
1044,59.0,2025-09-10,2025-09-10 13:01:16,603496.SH,S,30.650,200
1045,58.0,2025-09-10,2025-09-10 13:01:16,603583.SH,B,42.260,300
1046,58.0,2025-09-10,2025-09-10 13:01:15,300043.SZ,S,5.580,1400
1047,61.0,2025-09-10,2025-09-10 13:01:15,600397.SH,B,7.720,100
1048,51.0,2025-09-10,2025-09-10 13:01:18,300043.SZ,S,5.580,900
1049,51.0,2025-09-10,2025-09-10 13:01:17,002471.SZ,S,4.590,100
1050,58.0,2025-09-10,2025-09-10 13:01:14,603496.SH,S,30.640,300
1051,58.0,2025-09-10,2025-09-10 13:01:13,300324.SZ,S,6.340,500
1052,52.0,2025-09-10,2025-09-10 11:29:30,002551.SZ,S,4.170,100
1053,58.0,2025-09-10,2025-09-10 11:29:30,002551.SZ,S,4.170,700
1054,59.0,2025-09-10,2025-09-10 11:29:30,002551.SZ,S,4.170,300
1055,61.0,2025-09-10,2025-09-10 11:29:30,002551.SZ,S,4.170,700
1056,61.0,2025-09-10,2025-09-10 11:29:30,000826.SZ,S,2.110,100
1057,44.0,2025-09-10,2025-09-10 11:29:29,601158.SH,B,4.740,100
1058,44.0,2025-09-10,2025-09-10 11:29:29,600060.SH,S,21.560,300
1059,62.0,2025-09-10,2025-09-10 11:29:29,600020.SH,B,4.380,400
1060,58.0,2025-09-10,2025-09-10 11:29:14,002317.SZ,S,20.760,100
1061,58.0,2025-09-10,2025-09-10 11:29:11,002317.SZ,S,20.760,100
1062,61.0,2025-09-10,2025-09-10 11:29:04,002277.SZ,S,6.680,100
1063,62.0,2025-09-10,2025-09-10 11:29:00,600968.SH,B,3.920,300
1064,62.0,2025-09-10,2025-09-10 11:29:00,600968.SH,B,3.920,1200
1065,62.0,2025-09-10,2025-09-10 11:29:00,600395.SH,B,5.290,700
1066,62.0,2025-09-10,2025-09-10 11:29:00,600968.SH,B,3.920,1800
1067,61.0,2025-09-10,2025-09-10 11:28:58,603906.SH,B,15.310,300
1068,58.0,2025-09-10,2025-09-10 11:28:39,601012.SH,B,17.080,200
1069,61.0,2025-09-10,2025-09-10 11:28:32,300258.SZ,B,15.120,500
1070,59.0,2025-09-10,2025-09-10 11:28:30,300568.SZ,B,13.530,400
1071,61.0,2025-09-10,2025-09-10 11:28:30,300568.SZ,B,13.530,400
1072,61.0,2025-09-10,2025-09-10 11:28:09,002506.SZ,S,2.610,100
1073,61.0,2025-09-10,2025-09-10 11:28:09,301125.SZ,B,19.770,100
1074,44.0,2025-09-10,2025-09-10 11:28:07,000927.SZ,B,2.680,100
1075,59.0,2025-09-10,2025-09-10 11:28:05,002622.SZ,S,3.940,100
1076,61.0,2025-09-10,2025-09-10 11:27:55,603171.SH,S,51.370,100
1077,62.0,2025-09-10,2025-09-10 11:27:41,000630.SZ,S,4.290,900
1078,62.0,2025-09-10,2025-09-10 11:27:29,000725.SZ,S,4.080,3900
1079,62.0,2025-09-10,2025-09-10 11:27:27,601011.SH,S,2.970,2100
1080,44.0,2025-09-10,2025-09-10 11:27:22,600326.SH,B,13.310,300
1081,44.0,2025-09-10,2025-09-10 11:27:22,600326.SH,B,13.310,100
1082,44.0,2025-09-10,2025-09-10 11:27:21,300009.SZ,B,10.660,1900
1083,44.0,2025-09-10,2025-09-10 11:27:21,300009.SZ,B,10.660,600
1084,44.0,2025-09-10,2025-09-10 11:27:19,600582.SH,B,5.990,700
1085,62.0,2025-09-10,2025-09-10 11:27:20,601011.SH,S,2.970,2600
1086,44.0,2025-09-10,2025-09-10 11:27:16,002226.SZ,S,6.140,800
1087,44.0,2025-09-10,2025-09-10 11:27:17,603766.SH,S,12.700,300
1088,62.0,2025-09-10,2025-09-10 11:27:13,601011.SH,S,2.970,2600
1089,62.0,2025-09-10,2025-09-10 11:27:11,000725.SZ,S,4.080,1900
1090,61.0,2025-09-10,2025-09-10 11:27:09,605008.SH,S,14.970,300
1091,58.0,2025-09-10,2025-09-10 11:27:10,605008.SH,S,14.970,900
1092,52.0,2025-09-10,2025-09-10 11:26:56,605008.SH,S,14.970,300
1093,62.0,2025-09-10,2025-09-10 11:27:07,601011.SH,S,2.970,2600
1094,44.0,2025-09-10,2025-09-10 11:27:04,600758.SH,S,3.820,300
1095,61.0,2025-09-10,2025-09-10 11:27:02,600698.SH,B,10.230,100
1096,62.0,2025-09-10,2025-09-10 11:27:00,601011.SH,S,2.970,1000
1097,62.0,2025-09-10,2025-09-10 11:27:00,601011.SH,S,2.970,1600
1098,62.0,2025-09-10,2025-09-10 11:26:55,600547.SH,B,37.950,200
1099,59.0,2025-09-10,2025-09-10 11:26:54,605008.SH,S,14.970,400
1100,62.0,2025-09-10,2025-09-10 11:26:53,601011.SH,S,2.970,100
1101,62.0,2025-09-10,2025-09-10 11:26:53,601011.SH,S,2.970,1800
1102,62.0,2025-09-10,2025-09-10 11:26:53,601011.SH,S,2.970,700
1103,44.0,2025-09-10,2025-09-10 11:26:47,600903.SH,B,6.960,100
1104,44.0,2025-09-10,2025-09-10 11:26:47,600824.SH,S,4.530,200
1105,44.0,2025-09-10,2025-09-10 11:26:47,601669.SH,S,5.640,100
1106,44.0,2025-09-10,2025-09-10 11:26:47,000930.SZ,S,6.180,100
1107,62.0,2025-09-10,2025-09-10 11:26:48,000937.SZ,B,5.930,100
1108,44.0,2025-09-10,2025-09-10 11:26:47,000791.SZ,B,6.670,800
1109,62.0,2025-09-10,2025-09-10 11:26:47,601011.SH,S,2.970,500
1110,62.0,2025-09-10,2025-09-10 11:26:47,601011.SH,S,2.970,1800
1111,62.0,2025-09-10,2025-09-10 11:26:47,601011.SH,S,2.970,300
1112,62.0,2025-09-10,2025-09-10 11:26:44,000932.SZ,S,6.110,800
1113,44.0,2025-09-10,2025-09-10 11:26:43,600956.SH,B,7.990,400
1114,44.0,2025-09-10,2025-09-10 11:26:41,301175.SZ,S,5.440,300
1115,44.0,2025-09-10,2025-09-10 11:26:41,002056.SZ,S,18.100,200
1116,62.0,2025-09-10,2025-09-10 11:26:40,000932.SZ,S,6.110,3800
1117,62.0,2025-09-10,2025-09-10 11:26:38,000932.SZ,S,6.110,900
1118,44.0,2025-09-10,2025-09-10 11:26:33,000915.SZ,S,33.670,100
1119,62.0,2025-09-10,2025-09-10 11:26:32,000404.SZ,B,7.280,1400
1120,44.0,2025-09-10,2025-09-10 11:26:28,000922.SZ,B,11.740,300
1121,44.0,2025-09-10,2025-09-10 11:26:27,600007.SH,B,21.100,100
1122,62.0,2025-09-10,2025-09-10 11:26:22,600273.SH,B,8.690,100
1123,62.0,2025-09-10,2025-09-10 11:26:22,600273.SH,B,8.690,100
1124,62.0,2025-09-10,2025-09-10 11:26:22,600273.SH,B,8.690,100
1125,62.0,2025-09-10,2025-09-10 11:26:22,600273.SH,B,8.690,100
1126,61.0,2025-09-10,2025-09-10 11:26:22,600537.SH,B,3.740,100
1127,44.0,2025-09-10,2025-09-10 11:26:22,300420.SZ,S,4.500,900
1128,61.0,2025-09-10,2025-09-10 11:26:20,600487.SH,S,20.770,100
1129,61.0,2025-09-10,2025-09-10 11:26:20,600487.SH,S,20.770,100
1130,44.0,2025-09-10,2025-09-10 11:26:18,000008.SZ,B,2.830,1400
1131,44.0,2025-09-10,2025-09-10 11:26:17,605050.SH,S,19.730,200
1132,44.0,2025-09-10,2025-09-10 11:26:16,301511.SZ,S,34.220,100
1133,58.0,2025-09-10,2025-09-10 11:26:06,300568.SZ,B,13.570,400
1134,58.0,2025-09-10,2025-09-10 11:26:06,300568.SZ,B,13.580,1300
1135,52.0,2025-09-10,2025-09-10 11:25:52,300568.SZ,B,13.570,300
1136,61.0,2025-09-10,2025-09-10 11:25:46,000510.SZ,S,5.420,100
1137,62.0,2025-09-10,2025-09-10 11:25:36,600758.SH,B,3.830,300
1138,44.0,2025-09-10,2025-09-10 11:25:35,601101.SH,S,7.220,100
1139,62.0,2025-09-10,2025-09-10 11:25:35,600681.SH,S,3.870,4400
1140,44.0,2025-09-10,2025-09-10 11:25:34,600017.SH,B,3.170,300
1141,58.0,2025-09-10,2025-09-10 11:25:34,300568.SZ,B,13.570,500
1142,44.0,2025-09-10,2025-09-10 11:25:28,688108.SH,B,30.570,300
1143,44.0,2025-09-10,2025-09-10 11:25:07,300066.SZ,B,6.640,1200
1144,62.0,2025-09-10,2025-09-10 11:25:03,601658.SH,B,6.250,300
1145,52.0,2025-09-10,2025-09-10 11:25:00,601825.SH,S,8.730,200
1146,51.0,2025-09-10,2025-09-10 11:25:00,002851.SZ,S,75.560,100
1147,58.0,2025-09-10,2025-09-10 11:24:57,601825.SH,S,8.730,900
1148,61.0,2025-09-10,2025-09-10 11:24:42,300233.SZ,B,21.000,200
1149,62.0,2025-09-10,2025-09-10 11:24:32,002746.SZ,S,6.440,100
1150,61.0,2025-09-10,2025-09-10 11:24:28,603906.SH,B,15.340,200
1151,61.0,2025-09-10,2025-09-10 11:24:23,601020.SH,B,25.410,100
1152,61.0,2025-09-10,2025-09-10 11:24:13,601089.SH,S,22.920,100
1153,52.0,2025-09-10,2025-09-10 11:23:17,603818.SH,S,4.040,100
1154,62.0,2025-09-10,2025-09-10 11:24:03,601107.SH,B,5.640,100
1155,61.0,2025-09-10,2025-09-10 11:23:52,002664.SZ,B,28.150,100
1156,61.0,2025-09-10,2025-09-10 11:23:52,002664.SZ,B,28.140,100
1157,61.0,2025-09-10,2025-09-10 11:23:50,603171.SH,S,51.180,100
1158,61.0,2025-09-10,2025-09-10 11:23:49,300465.SZ,B,25.500,100
1159,44.0,2025-09-10,2025-09-10 11:23:46,601866.SH,S,2.550,100
1160,44.0,2025-09-10,2025-09-10 11:23:45,002202.SZ,S,12.090,1000
1161,61.0,2025-09-10,2025-09-10 11:23:45,002317.SZ,S,20.760,200
1162,44.0,2025-09-10,2025-09-10 11:23:45,002153.SZ,S,10.900,600
1163,61.0,2025-09-10,2025-09-10 11:23:45,605008.SH,S,14.980,600
1164,58.0,2025-09-10,2025-09-10 11:23:20,600590.SH,S,9.930,100
1165,58.0,2025-09-10,2025-09-10 11:23:18,000875.SZ,S,5.520,100
1166,58.0,2025-09-10,2025-09-10 11:23:16,300690.SZ,B,36.410,100
1167,44.0,2025-09-10,2025-09-10 11:23:13,300066.SZ,B,6.650,900
1168,44.0,2025-09-10,2025-09-10 11:23:11,300066.SZ,B,6.650,2000
1169,44.0,2025-09-10,2025-09-10 11:23:07,002695.SZ,S,14.140,300
1170,44.0,2025-09-10,2025-09-10 11:23:07,601717.SH,S,22.570,500
1171,44.0,2025-09-10,2025-09-10 11:23:04,601686.SH,B,5.890,500
1172,58.0,2025-09-10,2025-09-10 11:23:00,300465.SZ,B,25.480,100
1173,59.0,2025-09-10,2025-09-10 11:22:59,603863.SH,S,20.610,200
1174,62.0,2025-09-10,2025-09-10 11:22:59,601101.SH,B,7.220,2800
1175,44.0,2025-09-10,2025-09-10 11:22:51,600755.SH,B,6.130,300
1176,58.0,2025-09-10,2025-09-10 11:22:51,002664.SZ,B,28.060,800
1177,44.0,2025-09-10,2025-09-10 11:22:40,600643.SH,S,5.760,100
1178,58.0,2025-09-10,2025-09-10 11:22:37,000737.SZ,S,12.030,400
1179,52.0,2025-09-10,2025-09-10 11:22:27,000737.SZ,S,12.030,100
1180,59.0,2025-09-10,2025-09-10 11:22:35,300258.SZ,B,15.130,200
1181,59.0,2025-09-10,2025-09-10 11:22:34,300258.SZ,B,15.130,200
1182,44.0,2025-09-10,2025-09-10 11:22:32,300770.SZ,S,47.340,100
1183,52.0,2025-09-10,2025-09-10 11:22:33,002664.SZ,B,28.060,300
1184,51.0,2025-09-10,2025-09-10 11:22:28,605008.SH,S,14.970,300
1185,59.0,2025-09-10,2025-09-10 11:22:18,002664.SZ,B,28.060,100
1186,59.0,2025-09-10,2025-09-10 11:22:18,002664.SZ,B,28.060,100
1187,61.0,2025-09-10,2025-09-10 11:22:15,600475.SH,B,20.440,100
1188,61.0,2025-09-10,2025-09-10 11:22:03,002428.SZ,B,27.390,100
1189,61.0,2025-09-10,2025-09-10 11:21:29,002497.SZ,S,13.820,100
1190,44.0,2025-09-10,2025-09-10 11:21:07,000100.SZ,S,4.380,1300
1191,58.0,2025-09-10,2025-09-10 11:20:58,603863.SH,S,20.720,100
1192,58.0,2025-09-10,2025-09-10 11:20:58,603863.SH,S,20.720,300
1193,61.0,2025-09-10,2025-09-10 11:20:55,603583.SH,B,41.570,100
1194,59.0,2025-09-10,2025-09-10 11:20:54,603171.SH,S,51.230,100
1195,58.0,2025-09-10,2025-09-10 11:20:50,603068.SH,B,41.430,100
1196,58.0,2025-09-10,2025-09-10 11:20:49,603815.SH,S,11.210,100
1197,58.0,2025-09-10,2025-09-10 11:20:47,300258.SZ,B,15.140,800
1198,61.0,2025-09-10,2025-09-10 11:20:44,603663.SH,B,29.070,100
1199,58.0,2025-09-10,2025-09-10 11:20:42,301125.SZ,B,19.780,200
1200,61.0,2025-09-10,2025-09-10 11:20:43,601825.SH,S,8.740,500
1201,61.0,2025-09-10,2025-09-10 11:20:42,603171.SH,S,51.230,100
1202,58.0,2025-09-10,2025-09-10 11:20:41,600698.SH,B,10.220,200
1203,61.0,2025-09-10,2025-09-10 11:20:42,603171.SH,S,51.230,100
1204,59.0,2025-09-10,2025-09-10 11:20:38,603906.SH,B,15.370,600
1205,58.0,2025-09-10,2025-09-10 11:20:37,300340.SZ,B,15.030,200
1206,61.0,2025-09-10,2025-09-10 11:20:34,600338.SH,B,13.160,100
1207,58.0,2025-09-10,2025-09-10 11:20:29,601012.SH,B,17.120,700
1208,61.0,2025-09-10,2025-09-10 11:20:30,600356.SH,S,10.540,100
1209,52.0,2025-09-10,2025-09-10 11:20:28,601012.SH,B,17.120,500
1210,58.0,2025-09-10,2025-09-10 11:20:23,601020.SH,B,25.320,200
1211,61.0,2025-09-10,2025-09-10 11:20:15,603906.SH,B,15.350,200
1212,44.0,2025-09-10,2025-09-10 11:20:14,600326.SH,B,13.300,1300
1213,44.0,2025-09-10,2025-09-10 11:20:14,600326.SH,B,13.300,100
1214,44.0,2025-09-10,2025-09-10 11:20:14,600326.SH,B,13.300,100
1215,44.0,2025-09-10,2025-09-10 11:20:13,600326.SH,B,13.300,500
1216,44.0,2025-09-10,2025-09-10 11:20:10,002265.SZ,B,29.870,500
1217,44.0,2025-09-10,2025-09-10 11:20:10,002265.SZ,B,29.870,100
1218,44.0,2025-09-10,2025-09-10 11:20:10,002265.SZ,B,29.870,100
1219,44.0,2025-09-10,2025-09-10 11:20:11,688655.SH,S,22.230,200
1220,44.0,2025-09-10,2025-09-10 11:20:10,002265.SZ,B,29.870,100
1221,61.0,2025-09-10,2025-09-10 11:20:05,002121.SZ,B,7.650,100
1222,44.0,2025-09-10,2025-09-10 11:20:05,300687.SZ,S,26.430,100
1223,44.0,2025-09-10,2025-09-10 11:20:03,000059.SZ,S,5.240,1500
1224,59.0,2025-09-10,2025-09-10 11:20:02,600601.SH,S,9.120,1400
1225,58.0,2025-09-10,2025-09-10 11:20:00,600601.SH,S,9.110,1500
1226,58.0,2025-09-10,2025-09-10 11:20:00,600601.SH,S,9.110,200
1227,58.0,2025-09-10,2025-09-10 11:20:00,600601.SH,S,9.110,300
1228,58.0,2025-09-10,2025-09-10 11:20:00,600601.SH,S,9.110,1000
1229,58.0,2025-09-10,2025-09-10 11:20:00,600601.SH,S,9.110,700
1230,58.0,2025-09-10,2025-09-10 11:20:00,600475.SH,B,20.420,100
1231,58.0,2025-09-10,2025-09-10 11:19:59,600475.SH,B,20.420,100
1232,61.0,2025-09-10,2025-09-10 11:19:58,002369.SZ,B,9.770,100
1233,44.0,2025-09-10,2025-09-10 11:19:55,603508.SH,B,32.740,100
1234,58.0,2025-09-10,2025-09-10 11:19:53,603583.SH,B,41.530,100
1235,61.0,2025-09-10,2025-09-10 11:19:54,300690.SZ,B,36.280,100
1236,44.0,2025-09-10,2025-09-10 11:19:48,688722.SH,B,18.930,98
1237,44.0,2025-09-10,2025-09-10 11:19:44,002827.SZ,B,40.440,200
1238,44.0,2025-09-10,2025-09-10 11:19:40,600578.SH,S,4.440,100
1239,61.0,2025-09-10,2025-09-10 11:19:40,601717.SH,B,22.570,400
1240,44.0,2025-09-10,2025-09-10 11:19:37,600807.SH,S,3.380,300
1241,58.0,2025-09-10,2025-09-10 11:19:32,688658.SH,B,27.030,393
1242,58.0,2025-09-10,2025-09-10 11:19:13,000837.SZ,S,14.370,400
1243,52.0,2025-09-10,2025-09-10 11:19:13,605058.SH,S,27.860,100
1244,52.0,2025-09-10,2025-09-10 11:19:13,000837.SZ,S,14.370,200
1245,52.0,2025-09-10,2025-09-10 11:18:59,603171.SH,S,51.130,100
1246,61.0,2025-09-10,2025-09-10 11:19:08,300340.SZ,B,15.020,100
1247,61.0,2025-09-10,2025-09-10 11:19:04,300263.SZ,S,8.490,100
1248,58.0,2025-09-10,2025-09-10 11:19:00,300243.SZ,S,11.750,100
1249,52.0,2025-09-10,2025-09-10 11:19:00,002317.SZ,S,20.730,100
1250,51.0,2025-09-10,2025-09-10 11:19:02,002812.SZ,S,40.280,100
1251,58.0,2025-09-10,2025-09-10 11:18:56,002723.SZ,S,9.730,100
1252,44.0,2025-09-10,2025-09-10 11:18:55,600335.SH,B,6.280,100
1253,44.0,2025-09-10,2025-09-10 11:18:42,605016.SH,S,21.390,300
1254,61.0,2025-09-10,2025-09-10 11:18:41,603002.SH,S,7.560,100
1255,62.0,2025-09-10,2025-09-10 11:18:37,002299.SZ,S,17.360,100
1256,62.0,2025-09-10,2025-09-10 11:18:37,002299.SZ,S,17.360,200
1257,62.0,2025-09-10,2025-09-10 11:18:37,002299.SZ,S,17.360,200
1258,62.0,2025-09-10,2025-09-10 11:18:37,002299.SZ,S,17.360,100
1259,62.0,2025-09-10,2025-09-10 11:18:37,002299.SZ,S,17.360,200
1260,61.0,2025-09-10,2025-09-10 11:18:29,000837.SZ,B,14.370,100
1261,59.0,2025-09-10,2025-09-10 11:18:27,601012.SH,B,17.100,400
1262,44.0,2025-09-10,2025-09-10 11:18:28,605016.SH,S,21.390,100
1263,44.0,2025-09-10,2025-09-10 11:18:28,605016.SH,S,21.390,100
1264,61.0,2025-09-10,2025-09-10 11:18:27,601012.SH,B,17.100,500
1265,58.0,2025-09-10,2025-09-10 11:18:15,300885.SZ,B,24.380,100
1266,52.0,2025-09-10,2025-09-10 11:18:13,300885.SZ,B,24.380,100
1267,58.0,2025-09-10,2025-09-10 11:18:11,002369.SZ,B,9.770,100
1268,61.0,2025-09-10,2025-09-10 11:18:08,601825.SH,S,8.740,400
1269,61.0,2025-09-10,2025-09-10 11:18:09,603612.SH,B,27.260,100
1270,59.0,2025-09-10,2025-09-10 11:18:08,601825.SH,S,8.740,300
1271,62.0,2025-09-10,2025-09-10 11:18:08,600057.SH,B,7.380,100
1272,52.0,2025-09-10,2025-09-10 11:17:31,300568.SZ,B,13.560,600
1273,61.0,2025-09-10,2025-09-10 11:18:04,000603.SZ,B,18.860,100
1274,44.0,2025-09-10,2025-09-10 11:17:59,301123.SZ,B,39.970,100
1275,44.0,2025-09-10,2025-09-10 11:17:59,301123.SZ,B,39.970,100
1276,44.0,2025-09-10,2025-09-10 11:17:53,603766.SH,S,12.660,200
1277,44.0,2025-09-10,2025-09-10 11:17:53,603766.SH,S,12.660,300
1278,44.0,2025-09-10,2025-09-10 11:17:51,000100.SZ,S,4.370,700
1279,44.0,2025-09-10,2025-09-10 11:17:51,300078.SZ,S,3.490,600
1280,44.0,2025-09-10,2025-09-10 11:17:50,603766.SH,S,12.660,800
1281,44.0,2025-09-10,2025-09-10 11:17:48,600166.SH,S,2.840,1500
1282,58.0,2025-09-10,2025-09-10 11:17:45,002317.SZ,S,20.750,200
1283,58.0,2025-09-10,2025-09-10 11:17:45,002317.SZ,S,20.750,100
1284,62.0,2025-09-10,2025-09-10 11:17:44,603858.SH,S,19.050,500
1285,44.0,2025-09-10,2025-09-10 11:17:44,603766.SH,S,12.660,400
1286,59.0,2025-09-10,2025-09-10 11:17:35,600487.SH,S,20.340,200
1287,61.0,2025-09-10,2025-09-10 11:17:35,600487.SH,S,20.340,400
1288,58.0,2025-09-10,2025-09-10 11:17:35,603002.SH,S,7.560,100
1289,61.0,2025-09-10,2025-09-10 11:17:33,603496.SH,S,30.070,100
1290,59.0,2025-09-10,2025-09-10 11:17:32,300568.SZ,B,13.570,1200
1291,61.0,2025-09-10,2025-09-10 11:17:32,300568.SZ,B,13.570,1500
1292,62.0,2025-09-10,2025-09-10 11:17:31,000553.SZ,S,6.790,400
1293,62.0,2025-09-10,2025-09-10 11:17:31,000553.SZ,S,6.790,200
1294,62.0,2025-09-10,2025-09-10 11:17:31,000553.SZ,S,6.790,700
1295,44.0,2025-09-10,2025-09-10 11:17:25,000767.SZ,S,3.060,100
1296,61.0,2025-09-10,2025-09-10 11:17:25,600397.SH,B,7.730,100
1297,62.0,2025-09-10,2025-09-10 11:17:25,600901.SH,B,5.510,200
1298,61.0,2025-09-10,2025-09-10 11:17:20,300324.SZ,S,6.350,100
1299,58.0,2025-09-10,2025-09-10 11:17:13,600487.SH,S,20.350,600
1300,51.0,2025-09-10,2025-09-10 11:17:16,600487.SH,S,20.350,200
1301,52.0,2025-09-10,2025-09-10 11:17:13,600487.SH,S,20.350,100
1302,58.0,2025-09-10,2025-09-10 11:17:12,601089.SH,S,22.860,100
1303,51.0,2025-09-10,2025-09-10 11:17:14,600601.SH,S,9.060,100
1304,44.0,2025-09-10,2025-09-10 11:17:06,688403.SH,B,12.480,142
1305,44.0,2025-09-10,2025-09-10 11:17:06,688403.SH,B,12.480,158
1306,58.0,2025-09-10,2025-09-10 11:17:05,603171.SH,S,51.210,100
1307,58.0,2025-09-10,2025-09-10 11:17:05,603171.SH,S,51.210,100
1308,61.0,2025-09-10,2025-09-10 11:16:48,002317.SZ,S,20.780,300
1309,59.0,2025-09-10,2025-09-10 11:16:48,002317.SZ,S,20.780,200
1310,44.0,2025-09-10,2025-09-10 11:16:43,300008.SZ,B,6.370,600
1311,58.0,2025-09-10,2025-09-10 11:16:42,300568.SZ,B,13.590,1800
1312,52.0,2025-09-10,2025-09-10 11:16:39,603863.SH,S,20.730,100
1313,58.0,2025-09-10,2025-09-10 11:16:36,300324.SZ,S,6.350,100
1314,61.0,2025-09-10,2025-09-10 11:16:32,002842.SZ,B,11.560,100
1315,58.0,2025-09-10,2025-09-10 11:16:30,603496.SH,S,30.090,100
1316,52.0,2025-09-10,2025-09-10 11:16:19,600601.SH,S,9.020,900
1317,44.0,2025-09-10,2025-09-10 11:16:28,600740.SH,S,3.900,100
1318,61.0,2025-09-10,2025-09-10 11:16:28,002436.SZ,B,19.180,100
1319,58.0,2025-09-10,2025-09-10 11:16:27,002667.SZ,B,11.610,100
1320,58.0,2025-09-10,2025-09-10 11:16:27,603663.SH,B,29.030,200
1321,61.0,2025-09-10,2025-09-10 11:16:22,000676.SZ,S,9.840,100
1322,58.0,2025-09-10,2025-09-10 11:16:19,300548.SZ,S,117.630,54
1323,44.0,2025-09-10,2025-09-10 11:16:19,000100.SZ,S,4.370,700
1324,44.0,2025-09-10,2025-09-10 11:16:18,600535.SH,S,16.170,400
1325,58.0,2025-09-10,2025-09-10 11:16:17,603171.SH,S,51.230,100
1326,52.0,2025-09-10,2025-09-10 11:16:18,601991.SH,S,3.660,100
1327,52.0,2025-09-10,2025-09-10 11:16:18,001330.SZ,S,5.780,500
1328,52.0,2025-09-10,2025-09-10 11:16:18,300682.SZ,S,23.300,100
1329,59.0,2025-09-10,2025-09-10 11:16:17,300682.SZ,S,23.310,100
1330,58.0,2025-09-10,2025-09-10 11:16:16,300682.SZ,S,23.310,400
1331,58.0,2025-09-10,2025-09-10 11:16:16,300772.SZ,S,17.650,100
1332,58.0,2025-09-10,2025-09-10 11:16:16,300548.SZ,S,117.630,46
1333,61.0,2025-09-10,2025-09-10 11:16:17,300682.SZ,S,23.310,400
1334,58.0,2025-09-10,2025-09-10 11:16:15,001330.SZ,S,5.780,2100
1335,61.0,2025-09-10,2025-09-10 11:16:15,001330.SZ,S,5.780,300
1336,61.0,2025-09-10,2025-09-10 11:16:15,001330.SZ,S,5.780,1000
1337,61.0,2025-09-10,2025-09-10 11:16:15,001330.SZ,S,5.780,700
1338,61.0,2025-09-10,2025-09-10 11:16:15,001330.SZ,S,5.780,100
1339,61.0,2025-09-10,2025-09-10 11:16:15,001330.SZ,S,5.780,200
1340,61.0,2025-09-10,2025-09-10 11:16:15,000737.SZ,S,12.010,300
1341,61.0,2025-09-10,2025-09-10 11:16:15,300292.SZ,S,5.130,100
1342,61.0,2025-09-10,2025-09-10 11:16:15,000428.SZ,S,3.850,100
1343,59.0,2025-09-10,2025-09-10 11:16:14,001330.SZ,S,5.780,700
1344,59.0,2025-09-10,2025-09-10 11:16:14,000837.SZ,S,14.390,300
1345,59.0,2025-09-10,2025-09-10 11:16:14,001330.SZ,S,5.780,200
1346,59.0,2025-09-10,2025-09-10 11:16:14,000837.SZ,S,14.390,100
1347,59.0,2025-09-10,2025-09-10 11:16:14,000737.SZ,S,12.010,100
1348,44.0,2025-09-10,2025-09-10 11:16:02,600732.SH,S,15.930,100
1349,44.0,2025-09-10,2025-09-10 11:15:59,600082.SH,S,4.180,400
1350,44.0,2025-09-10,2025-09-10 11:16:00,600732.SH,S,15.930,100
1351,62.0,2025-09-10,2025-09-10 11:15:52,600863.SH,B,4.120,300
1352,44.0,2025-09-10,2025-09-10 11:15:37,600675.SH,S,3.070,600
1353,62.0,2025-09-10,2025-09-10 11:15:36,601330.SH,B,7.120,200
1354,44.0,2025-09-10,2025-09-10 11:15:25,000420.SZ,S,4.220,800
1355,44.0,2025-09-10,2025-09-10 11:15:24,603279.SH,B,16.370,200
1356,62.0,2025-09-10,2025-09-10 11:15:21,603508.SH,B,32.650,1600
1357,44.0,2025-09-10,2025-09-10 11:15:19,600063.SH,S,5.510,300
1358,44.0,2025-09-10,2025-09-10 11:15:18,600063.SH,S,5.510,100
1359,44.0,2025-09-10,2025-09-10 11:15:13,300203.SZ,B,18.220,200
1360,44.0,2025-09-10,2025-09-10 11:15:07,300081.SZ,S,5.400,100
1361,62.0,2025-09-10,2025-09-10 11:15:04,000725.SZ,S,4.080,5700
1362,62.0,2025-09-10,2025-09-10 11:15:04,600547.SH,B,38.020,200
1363,62.0,2025-09-10,2025-09-10 11:15:04,603969.SH,B,9.320,6900
1364,62.0,2025-09-10,2025-09-10 11:15:04,603969.SH,B,9.320,700
1365,62.0,2025-09-10,2025-09-10 11:15:03,000725.SZ,S,4.080,10600
1366,62.0,2025-09-10,2025-09-10 11:15:03,000725.SZ,S,4.080,800
1367,62.0,2025-09-10,2025-09-10 11:15:03,000725.SZ,S,4.080,4600
1368,62.0,2025-09-10,2025-09-10 11:15:03,000725.SZ,S,4.080,1900
1369,62.0,2025-09-10,2025-09-10 11:15:03,000725.SZ,S,4.080,1100
1370,62.0,2025-09-10,2025-09-10 11:15:02,000725.SZ,S,4.080,1000
1371,62.0,2025-09-10,2025-09-10 11:15:02,000725.SZ,S,4.080,7600
1372,44.0,2025-09-10,2025-09-10 11:14:30,301511.SZ,S,33.940,200
1373,44.0,2025-09-10,2025-09-10 11:14:20,002515.SZ,S,7.490,200
1374,44.0,2025-09-10,2025-09-10 11:13:57,600398.SH,S,6.900,300
1375,44.0,2025-09-10,2025-09-10 11:13:50,600880.SH,B,4.990,700
1376,44.0,2025-09-10,2025-09-10 11:13:31,603508.SH,B,32.690,100
1377,44.0,2025-09-10,2025-09-10 11:13:31,600909.SH,B,6.220,1100
1378,51.0,2025-09-10,2025-09-10 11:13:33,000826.SZ,S,2.110,100
1379,61.0,2025-09-10,2025-09-10 11:13:16,002354.SZ,S,7.500,500
1380,61.0,2025-09-10,2025-09-10 11:13:16,002354.SZ,S,7.500,300
1381,44.0,2025-09-10,2025-09-10 11:13:12,688722.SH,B,18.930,202
1382,61.0,2025-09-10,2025-09-10 11:13:11,002664.SZ,B,28.010,300
1383,59.0,2025-09-10,2025-09-10 11:13:09,002455.SZ,S,7.000,100
1384,61.0,2025-09-10,2025-09-10 11:13:09,002455.SZ,S,7.000,100
1385,58.0,2025-09-10,2025-09-10 11:13:06,603239.SH,S,17.570,500
1386,61.0,2025-09-10,2025-09-10 11:13:07,002428.SZ,B,27.300,200
1387,61.0,2025-09-10,2025-09-10 11:13:06,603239.SH,S,17.570,600
1388,44.0,2025-09-10,2025-09-10 11:13:05,002396.SZ,S,29.300,300
1389,51.0,2025-09-10,2025-09-10 11:13:07,000009.SZ,B,11.010,700
1390,44.0,2025-09-10,2025-09-10 11:13:01,601997.SH,S,6.030,100
1391,58.0,2025-09-10,2025-09-10 11:13:00,600619.SH,S,20.240,100
1392,58.0,2025-09-10,2025-09-10 11:13:00,600619.SH,S,20.250,100
1393,44.0,2025-09-10,2025-09-10 11:12:46,600737.SH,B,16.490,300
1394,44.0,2025-09-10,2025-09-10 11:12:44,300352.SZ,B,6.140,1000
1395,44.0,2025-09-10,2025-09-10 11:12:44,600737.SH,B,16.490,100
1396,44.0,2025-09-10,2025-09-10 11:12:44,000554.SZ,S,7.110,100
1397,44.0,2025-09-10,2025-09-10 11:12:43,600737.SH,B,16.490,100
1398,62.0,2025-09-10,2025-09-10 11:12:41,601997.SH,B,6.030,200
1399,62.0,2025-09-10,2025-09-10 11:12:41,601997.SH,B,6.030,200
1400,44.0,2025-09-10,2025-09-10 11:12:37,603323.SH,B,5.270,300
1401,62.0,2025-09-10,2025-09-10 11:12:29,601398.SH,S,7.450,100
1402,61.0,2025-09-10,2025-09-10 11:12:29,603906.SH,B,15.290,200
1403,44.0,2025-09-10,2025-09-10 11:12:27,002100.SZ,S,6.740,200
1404,61.0,2025-09-10,2025-09-10 11:12:23,600619.SH,S,20.270,100
1405,61.0,2025-09-10,2025-09-10 11:12:21,600619.SH,S,20.270,100
1406,44.0,2025-09-10,2025-09-10 11:12:17,603508.SH,B,32.680,100
1407,44.0,2025-09-10,2025-09-10 11:12:14,603508.SH,B,32.680,100
1408,58.0,2025-09-10,2025-09-10 11:12:13,000837.SZ,B,14.380,800
1409,52.0,2025-09-10,2025-09-10 11:12:11,000837.SZ,B,14.380,300
1410,44.0,2025-09-10,2025-09-10 11:12:11,603508.SH,B,32.680,100
1411,62.0,2025-09-10,2025-09-10 11:12:11,600016.SH,S,4.430,100
1412,44.0,2025-09-10,2025-09-10 11:12:10,603508.SH,B,32.680,100
1413,44.0,2025-09-10,2025-09-10 11:12:09,000100.SZ,S,4.380,700
1414,44.0,2025-09-10,2025-09-10 11:12:08,000100.SZ,S,4.380,700
1415,59.0,2025-09-10,2025-09-10 11:12:06,002664.SZ,B,28.000,200
1416,58.0,2025-09-10,2025-09-10 11:12:06,000837.SZ,B,14.380,300
1417,58.0,2025-09-10,2025-09-10 11:12:04,002428.SZ,B,27.230,500
1418,44.0,2025-09-10,2025-09-10 11:12:01,603588.SH,S,6.780,300
1419,44.0,2025-09-10,2025-09-10 11:12:01,603588.SH,S,6.780,800
1420,62.0,2025-09-10,2025-09-10 11:11:43,002206.SZ,S,6.300,500
1421,44.0,2025-09-10,2025-09-10 11:11:39,000100.SZ,S,4.380,700
1422,44.0,2025-09-10,2025-09-10 11:11:22,000100.SZ,S,4.380,700
1423,44.0,2025-09-10,2025-09-10 11:11:22,600166.SH,S,2.840,1100
1424,61.0,2025-09-10,2025-09-10 11:11:18,603969.SH,S,9.270,100
1425,44.0,2025-09-10,2025-09-10 11:11:15,600403.SH,S,3.640,700
1426,44.0,2025-09-10,2025-09-10 11:11:08,688222.SH,B,25.500,123
1427,44.0,2025-09-10,2025-09-10 11:11:08,688222.SH,B,25.500,77
1428,61.0,2025-09-10,2025-09-10 11:11:03,603588.SH,S,6.790,100
1429,62.0,2025-09-10,2025-09-10 11:10:56,601128.SH,S,7.560,100
1430,62.0,2025-09-10,2025-09-10 11:10:55,601128.SH,S,7.560,200
1431,61.0,2025-09-10,2025-09-10 11:10:48,603988.SH,B,25.770,100
1432,44.0,2025-09-10,2025-09-10 11:10:48,600336.SH,B,6.720,800
1433,59.0,2025-09-10,2025-09-10 11:10:41,002428.SZ,B,27.210,400
1434,44.0,2025-09-10,2025-09-10 11:10:39,000598.SZ,B,6.760,300
1435,44.0,2025-09-10,2025-09-10 11:10:37,000598.SZ,B,6.760,100
1436,44.0,2025-09-10,2025-09-10 11:10:33,002091.SZ,S,8.790,200
1437,44.0,2025-09-10,2025-09-10 11:10:27,000598.SZ,B,6.760,500
1438,44.0,2025-09-10,2025-09-10 11:10:24,000598.SZ,B,6.760,100
1439,44.0,2025-09-10,2025-09-10 11:10:24,000598.SZ,B,6.760,100
1440,44.0,2025-09-10,2025-09-10 11:10:21,600159.SH,S,2.880,200
1441,44.0,2025-09-10,2025-09-10 11:10:16,600308.SH,S,3.700,100
1442,61.0,2025-09-10,2025-09-10 11:10:10,300785.SZ,S,34.290,100
1443,44.0,2025-09-10,2025-09-10 11:10:06,002405.SZ,S,9.740,500
1444,44.0,2025-09-10,2025-09-10 11:10:03,600060.SH,S,21.570,100
1445,44.0,2025-09-10,2025-09-10 11:10:02,600060.SH,S,21.570,100
1446,59.0,2025-09-10,2025-09-10 11:10:01,603219.SH,S,18.530,100
1447,58.0,2025-09-10,2025-09-10 11:10:01,600526.SH,S,5.230,200
1448,52.0,2025-09-10,2025-09-10 11:08:37,600526.SH,S,5.230,100
1449,44.0,2025-09-10,2025-09-10 11:10:01,300515.SZ,B,20.960,100
1450,44.0,2025-09-10,2025-09-10 11:10:00,688403.SH,B,12.430,339
1451,44.0,2025-09-10,2025-09-10 11:10:00,688403.SH,B,12.430,61
1452,61.0,2025-09-10,2025-09-10 11:09:53,002121.SZ,B,7.660,600
1453,52.0,2025-09-10,2025-09-10 11:09:44,002842.SZ,B,11.510,300
1454,44.0,2025-09-10,2025-09-10 11:09:39,601801.SH,B,6.710,100
1455,44.0,2025-09-10,2025-09-10 11:09:37,601801.SH,B,6.710,100
1456,62.0,2025-09-10,2025-09-10 11:09:25,600189.SH,B,7.490,600
1457,62.0,2025-09-10,2025-09-10 11:09:24,600189.SH,B,7.490,800
1458,62.0,2025-09-10,2025-09-10 11:09:23,601168.SH,B,18.860,100
1459,58.0,2025-09-10,2025-09-10 11:09:22,300340.SZ,B,14.980,100
1460,44.0,2025-09-10,2025-09-10 11:09:22,301200.SZ,S,93.130,100
1461,61.0,2025-09-10,2025-09-10 11:09:15,002428.SZ,B,27.220,100
1462,61.0,2025-09-10,2025-09-10 11:09:15,002428.SZ,B,27.220,100
1463,61.0,2025-09-10,2025-09-10 11:09:15,002428.SZ,B,27.220,100
1464,61.0,2025-09-10,2025-09-10 11:09:15,002428.SZ,B,27.220,100
1465,58.0,2025-09-10,2025-09-10 11:09:12,603988.SH,B,25.780,100
1466,58.0,2025-09-10,2025-09-10 11:09:09,300690.SZ,B,36.130,100
1467,62.0,2025-09-10,2025-09-10 11:09:10,603508.SH,B,32.670,400
1468,62.0,2025-09-10,2025-09-10 11:09:10,603508.SH,B,32.670,300
1469,62.0,2025-09-10,2025-09-10 11:09:07,600547.SH,B,37.950,100
1470,62.0,2025-09-10,2025-09-10 11:09:06,600547.SH,B,37.950,100
1471,44.0,2025-09-10,2025-09-10 11:08:58,002004.SZ,B,4.970,900
1472,44.0,2025-09-10,2025-09-10 11:08:58,002004.SZ,B,4.970,1500
1473,59.0,2025-09-10,2025-09-10 11:08:53,002121.SZ,S,7.670,300
1474,44.0,2025-09-10,2025-09-10 11:08:52,002056.SZ,S,17.980,200
1475,44.0,2025-09-10,2025-09-10 11:08:47,600969.SH,S,7.260,300
1476,44.0,2025-09-10,2025-09-10 11:08:46,000402.SZ,B,3.180,1600
1477,44.0,2025-09-10,2025-09-10 11:08:45,002056.SZ,S,17.980,1200
1478,61.0,2025-09-10,2025-09-10 11:08:45,300233.SZ,B,20.980,200
1479,62.0,2025-09-10,2025-09-10 11:08:44,600269.SH,B,5.000,300
1480,62.0,2025-09-10,2025-09-10 11:08:43,000630.SZ,S,4.280,900
1481,62.0,2025-09-10,2025-09-10 11:08:42,000630.SZ,S,4.280,700
1482,62.0,2025-09-10,2025-09-10 11:08:41,000402.SZ,B,3.180,11100
1483,61.0,2025-09-10,2025-09-10 11:08:41,300233.SZ,B,20.980,100
1484,59.0,2025-09-10,2025-09-10 11:08:37,603239.SH,S,17.510,300
1485,61.0,2025-09-10,2025-09-10 11:08:36,603239.SH,S,17.510,500
1486,61.0,2025-09-10,2025-09-10 11:08:36,603239.SH,S,17.510,100
1487,44.0,2025-09-10,2025-09-10 11:08:34,600736.SH,S,5.540,200
1488,58.0,2025-09-10,2025-09-10 11:08:34,603239.SH,S,17.510,600
1489,44.0,2025-09-10,2025-09-10 11:08:34,600100.SH,B,7.580,100
1490,62.0,2025-09-10,2025-09-10 11:08:32,600266.SH,B,5.110,6700
1491,44.0,2025-09-10,2025-09-10 11:08:22,600965.SH,S,5.200,100
1492,44.0,2025-09-10,2025-09-10 11:08:25,600269.SH,S,5.000,100
1493,52.0,2025-09-10,2025-09-10 11:08:06,000837.SZ,B,14.360,300
1494,44.0,2025-09-10,2025-09-10 11:08:13,603113.SH,S,7.450,100
1495,58.0,2025-09-10,2025-09-10 11:08:08,000837.SZ,B,14.360,900
1496,61.0,2025-09-10,2025-09-10 11:08:02,300324.SZ,S,6.330,500
1497,44.0,2025-09-10,2025-09-10 11:07:54,600556.SH,B,5.350,100
1498,44.0,2025-09-10,2025-09-10 11:07:49,603866.SH,S,5.860,900
1499,58.0,2025-09-10,2025-09-10 11:07:37,300465.SZ,B,25.460,100
1500,51.0,2025-09-10,2025-09-10 11:07:35,000837.SZ,B,14.380,400
1501,62.0,2025-09-10,2025-09-10 11:07:28,000932.SZ,S,6.070,5000
1502,61.0,2025-09-10,2025-09-10 11:07:13,000975.SZ,S,21.010,100
1503,58.0,2025-09-10,2025-09-10 11:07:09,002272.SZ,S,15.780,100
1504,61.0,2025-09-10,2025-09-10 11:07:06,605008.SH,S,14.920,100
1505,62.0,2025-09-10,2025-09-10 11:07:02,000959.SZ,S,4.090,100
1506,44.0,2025-09-10,2025-09-10 11:06:50,600866.SH,B,7.600,1600
1507,62.0,2025-09-10,2025-09-10 11:06:49,002807.SZ,S,4.890,600
1508,61.0,2025-09-10,2025-09-10 11:06:46,000709.SZ,S,2.390,100
1509,44.0,2025-09-10,2025-09-10 11:06:45,000709.SZ,S,2.390,200
1510,44.0,2025-09-10,2025-09-10 11:06:45,000709.SZ,S,2.390,100
1511,44.0,2025-09-10,2025-09-10 11:06:42,688665.SH,S,57.170,200
1512,58.0,2025-09-10,2025-09-10 11:06:40,002356.SZ,S,3.610,100
1513,58.0,2025-09-10,2025-09-10 11:06:40,603709.SH,S,15.640,100
1514,44.0,2025-09-10,2025-09-10 11:06:36,000717.SZ,S,2.840,900
1515,62.0,2025-09-10,2025-09-10 11:06:36,000404.SZ,B,7.270,100
1516,59.0,2025-09-10,2025-09-10 11:06:35,300390.SZ,S,22.880,100
1517,52.0,2025-09-10,2025-09-10 11:05:55,000009.SZ,B,11.010,400
1518,62.0,2025-09-10,2025-09-10 11:06:33,600808.SH,S,3.580,200
1519,44.0,2025-09-10,2025-09-10 11:06:28,002746.SZ,S,6.440,100
1520,44.0,2025-09-10,2025-09-10 11:06:27,000922.SZ,B,11.710,400
1521,44.0,2025-09-10,2025-09-10 11:06:22,601991.SH,S,3.660,1500
1522,62.0,2025-09-10,2025-09-10 11:06:20,000709.SZ,B,2.390,800
1523,58.0,2025-09-10,2025-09-10 11:06:13,300324.SZ,S,6.320,600
1524,58.0,2025-09-10,2025-09-10 11:06:13,300785.SZ,S,34.300,100
1525,58.0,2025-09-10,2025-09-10 11:06:10,603683.SH,B,26.750,100
1526,44.0,2025-09-10,2025-09-10 11:06:05,600252.SH,B,2.730,800
1527,62.0,2025-09-10,2025-09-10 11:06:06,601665.SH,B,5.760,100
1528,62.0,2025-09-10,2025-09-10 11:06:02,000404.SZ,B,7.270,1700
1529,44.0,2025-09-10,2025-09-10 11:06:01,000089.SZ,B,7.160,200
1530,61.0,2025-09-10,2025-09-10 11:06:00,603687.SH,S,8.490,100
1531,62.0,2025-09-10,2025-09-10 11:05:57,002487.SZ,S,40.150,100
1532,61.0,2025-09-10,2025-09-10 11:05:52,600537.SH,B,3.740,600
1533,62.0,2025-09-10,2025-09-10 11:05:46,000990.SZ,B,7.870,6500
1534,52.0,2025-09-10,2025-09-10 11:05:44,002842.SZ,B,11.500,300
1535,58.0,2025-09-10,2025-09-10 11:05:38,002842.SZ,B,11.490,1400
1536,62.0,2025-09-10,2025-09-10 11:05:39,002004.SZ,B,4.970,3200
1537,44.0,2025-09-10,2025-09-10 11:05:21,600925.SH,B,4.950,200
1538,44.0,2025-09-10,2025-09-10 11:05:18,300203.SZ,B,18.210,300
1539,51.0,2025-09-10,2025-09-10 11:05:19,000009.SZ,B,11.000,219
1540,51.0,2025-09-10,2025-09-10 11:05:19,000009.SZ,B,11.000,481
1541,44.0,2025-09-10,2025-09-10 11:05:14,000401.SZ,S,4.940,100
1542,44.0,2025-09-10,2025-09-10 11:05:13,601068.SH,B,4.890,200
1543,44.0,2025-09-10,2025-09-10 11:05:08,600998.SH,B,4.990,73
1544,61.0,2025-09-10,2025-09-10 11:05:10,603906.SH,B,15.340,200
1545,58.0,2025-09-10,2025-09-10 11:05:09,002842.SZ,B,11.480,400
1546,51.0,2025-09-10,2025-09-10 11:05:11,002796.SZ,S,15.440,200
1547,44.0,2025-09-10,2025-09-10 11:05:08,600998.SH,B,4.990,227
1548,44.0,2025-09-10,2025-09-10 11:05:08,600998.SH,B,4.990,300
1549,44.0,2025-09-10,2025-09-10 11:05:07,301511.SZ,S,33.820,200
1550,58.0,2025-09-10,2025-09-10 11:05:07,000737.SZ,S,11.960,200
1551,44.0,2025-09-10,2025-09-10 11:05:04,600236.SH,B,6.370,400
1552,44.0,2025-09-10,2025-09-10 11:05:04,000838.SZ,S,2.760,400
1553,44.0,2025-09-10,2025-09-10 11:05:03,301319.SZ,B,27.950,200
1554,44.0,2025-09-10,2025-09-10 11:05:01,300401.SZ,B,14.290,100
1555,61.0,2025-09-10,2025-09-10 11:05:02,300340.SZ,B,14.970,100
1556,62.0,2025-09-10,2025-09-10 11:04:59,603113.SH,B,7.430,500
1557,58.0,2025-09-10,2025-09-10 11:04:57,002428.SZ,B,27.140,400
1558,52.0,2025-09-10,2025-09-10 11:04:57,002428.SZ,B,27.140,200
1559,44.0,2025-09-10,2025-09-10 11:04:57,300079.SZ,B,5.810,100
1560,44.0,2025-09-10,2025-09-10 11:04:55,600751.SH,S,4.360,800
1561,61.0,2025-09-10,2025-09-10 11:04:54,000603.SZ,B,18.790,100
1562,62.0,2025-09-10,2025-09-10 11:04:51,600897.SH,B,14.830,500
1563,61.0,2025-09-10,2025-09-10 11:04:50,603906.SH,B,15.340,200
1564,44.0,2025-09-10,2025-09-10 11:04:46,002523.SZ,B,3.770,1400
1565,61.0,2025-09-10,2025-09-10 11:04:46,600737.SH,S,16.450,100
1566,62.0,2025-09-10,2025-09-10 11:04:46,000089.SZ,B,7.160,600
1567,62.0,2025-09-10,2025-09-10 11:04:46,000089.SZ,B,7.160,1900
1568,62.0,2025-09-10,2025-09-10 11:04:46,000089.SZ,B,7.160,100
1569,62.0,2025-09-10,2025-09-10 11:04:46,000089.SZ,B,7.160,1000
1570,62.0,2025-09-10,2025-09-10 11:04:46,002523.SZ,B,3.770,3400
1571,62.0,2025-09-10,2025-09-10 11:04:46,000089.SZ,B,7.160,900
1572,44.0,2025-09-10,2025-09-10 11:04:37,000629.SZ,S,2.870,200
1573,44.0,2025-09-10,2025-09-10 11:04:37,000629.SZ,S,2.870,300
1574,52.0,2025-09-10,2025-09-10 11:01:21,000100.SZ,S,4.370,10
1575,52.0,2025-09-10,2025-09-10 11:01:21,000100.SZ,S,4.370,90
1576,61.0,2025-09-10,2025-09-10 11:04:37,603138.SH,S,16.120,100
1577,62.0,2025-09-10,2025-09-10 11:04:35,600335.SH,B,6.280,100
1578,62.0,2025-09-10,2025-09-10 11:04:35,600649.SH,B,4.730,100
1579,52.0,2025-09-10,2025-09-10 11:01:21,600115.SH,S,4.100,100
1580,62.0,2025-09-10,2025-09-10 11:04:28,000900.SZ,B,4.200,100
1581,61.0,2025-09-10,2025-09-10 11:04:26,603683.SH,B,26.700,100
1582,58.0,2025-09-10,2025-09-10 11:04:26,002664.SZ,B,27.980,100
1583,58.0,2025-09-10,2025-09-10 11:04:26,002664.SZ,B,27.980,100
1584,58.0,2025-09-10,2025-09-10 11:04:26,002664.SZ,B,27.980,100
1585,58.0,2025-09-10,2025-09-10 11:04:26,002664.SZ,B,27.980,100
