,fund_id,trade_dt,trade_time,s_info_windcode,direction,price,qty
0,59,2025-09-25,2025-09-25 14:56:30,601975.SH,S,3.050,100
1,59,2025-09-25,2025-09-25 14:56:30,600221.SH,S,1.580,100
2,61,2025-09-25,2025-09-25 14:56:30,600221.SH,S,1.580,100
3,61,2025-09-25,2025-09-25 14:56:30,601975.SH,S,3.050,100
4,60,2025-09-25,2025-09-25 14:56:29,600426.SH,S,25.020,100
5,52,2025-09-25,2025-09-25 14:56:23,301197.SZ,B,19.460,100
6,59,2025-09-25,2025-09-25 14:56:20,300185.SZ,S,3.030,100
7,61,2025-09-25,2025-09-25 14:56:20,300185.SZ,S,3.030,200
8,61,2025-09-25,2025-09-25 14:56:19,002269.SZ,S,2.420,3500
9,58,2025-09-25,2025-09-25 14:56:20,000509.SZ,S,3.320,1200
10,58,2025-09-25,2025-09-25 14:56:20,000509.SZ,S,3.320,500
11,58,2025-09-25,2025-09-25 14:56:20,000509.SZ,S,3.320,500
12,58,2025-09-25,2025-09-25 14:56:20,000509.SZ,S,3.320,400
13,58,2025-09-25,2025-09-25 14:56:20,000509.SZ,S,3.320,100
14,58,2025-09-25,2025-09-25 14:56:20,000509.SZ,S,3.320,100
15,58,2025-09-25,2025-09-25 14:56:20,000509.SZ,S,3.320,200
16,58,2025-09-25,2025-09-25 14:56:20,000509.SZ,S,3.320,300
17,58,2025-09-25,2025-09-25 14:56:20,000509.SZ,S,3.320,700
18,59,2025-09-25,2025-09-25 14:56:17,002006.SZ,S,22.570,100
19,61,2025-09-25,2025-09-25 14:56:16,002006.SZ,S,22.570,100
20,58,2025-09-25,2025-09-25 14:56:16,603601.SH,B,5.180,200
21,58,2025-09-25,2025-09-25 14:56:16,603601.SH,B,5.180,200
22,58,2025-09-25,2025-09-25 14:56:16,002491.SZ,S,5.510,100
23,58,2025-09-25,2025-09-25 14:56:16,000509.SZ,S,3.320,1600
24,58,2025-09-25,2025-09-25 14:56:16,000509.SZ,S,3.320,2400
25,61,2025-09-25,2025-09-25 14:56:15,002445.SZ,S,2.620,100
26,61,2025-09-25,2025-09-25 14:56:15,000882.SZ,S,2.020,100
27,52,2025-09-25,2025-09-25 14:56:15,603601.SH,B,5.180,100
28,61,2025-09-25,2025-09-25 14:56:15,300002.SZ,B,15.540,400
29,52,2025-09-25,2025-09-25 14:56:14,002957.SZ,S,19.220,100
30,58,2025-09-25,2025-09-25 14:56:07,600961.SH,B,14.970,200
31,58,2025-09-25,2025-09-25 14:56:11,002662.SZ,S,3.910,100
32,58,2025-09-25,2025-09-25 14:56:11,600233.SH,B,18.720,100
33,58,2025-09-25,2025-09-25 14:56:11,600233.SH,B,18.720,100
34,58,2025-09-25,2025-09-25 14:56:08,301197.SZ,B,19.470,400
35,58,2025-09-25,2025-09-25 14:56:07,601975.SH,S,3.050,100
36,58,2025-09-25,2025-09-25 14:56:06,000069.SZ,S,2.520,100
37,61,2025-09-25,2025-09-25 14:56:06,000008.SZ,S,2.820,100
38,44,2025-09-25,2025-09-25 14:56:04,601168.SH,B,20.460,300
39,61,2025-09-25,2025-09-25 14:56:03,002298.SZ,B,13.790,200
40,58,2025-09-25,2025-09-25 14:56:03,603626.SH,S,14.350,1000
41,52,2025-09-25,2025-09-25 14:46:20,002298.SZ,B,13.790,100
42,59,2025-09-25,2025-09-25 14:56:01,000592.SZ,S,3.310,100
43,59,2025-09-25,2025-09-25 14:56:00,300996.SZ,B,17.260,100
44,61,2025-09-25,2025-09-25 14:56:01,300996.SZ,B,17.260,100
45,44,2025-09-25,2025-09-25 14:56:00,002632.SZ,B,11.000,100
46,62,2025-09-25,2025-09-25 14:56:00,600905.SH,B,4.250,4600
47,62,2025-09-25,2025-09-25 14:56:00,600905.SH,B,4.250,200
48,62,2025-09-25,2025-09-25 14:56:00,600905.SH,B,4.250,100
49,62,2025-09-25,2025-09-25 14:56:00,600905.SH,B,4.250,700
50,63,2025-09-25,2025-09-25 14:56:00,600905.SH,B,4.250,2400
51,62,2025-09-25,2025-09-25 14:56:00,600905.SH,B,4.250,300
52,60,2025-09-25,2025-09-25 14:56:00,600905.SH,B,4.250,5600
53,62,2025-09-25,2025-09-25 14:56:00,600905.SH,B,4.250,1000
54,44,2025-09-25,2025-09-25 14:56:00,002632.SZ,B,11.000,200
55,59,2025-09-25,2025-09-25 14:55:58,603601.SH,B,5.170,100
56,60,2025-09-25,2025-09-25 14:55:59,002298.SZ,B,13.790,500
57,60,2025-09-25,2025-09-25 14:55:58,002298.SZ,B,13.790,300
58,60,2025-09-25,2025-09-25 14:55:58,002298.SZ,B,13.790,400
59,44,2025-09-25,2025-09-25 14:55:58,002298.SZ,B,13.790,700
60,58,2025-09-25,2025-09-25 14:55:58,600221.SH,S,1.580,100
61,63,2025-09-25,2025-09-25 14:55:58,002298.SZ,B,13.790,500
62,61,2025-09-25,2025-09-25 14:55:56,603601.SH,B,5.170,400
63,61,2025-09-25,2025-09-25 14:55:53,002472.SZ,B,51.210,100
64,60,2025-09-25,2025-09-25 14:55:50,000333.SZ,S,72.860,100
65,61,2025-09-25,2025-09-25 14:55:14,002088.SZ,S,13.030,100
66,61,2025-09-25,2025-09-25 14:55:13,600816.SH,S,3.070,100
67,61,2025-09-25,2025-09-25 14:55:00,301526.SZ,B,6.470,200
68,61,2025-09-25,2025-09-25 14:54:53,300579.SZ,B,34.900,100
69,61,2025-09-25,2025-09-25 14:54:26,002765.SZ,B,14.260,500
70,59,2025-09-25,2025-09-25 14:54:25,600507.SH,S,5.240,100
71,52,2025-09-25,2025-09-25 14:48:03,688538.SH,B,2.860,108
72,52,2025-09-25,2025-09-25 14:48:03,688538.SH,B,2.860,3607
73,60,2025-09-25,2025-09-25 14:54:13,000333.SZ,S,72.870,100
74,52,2025-09-25,2025-09-25 14:48:03,688538.SH,B,2.860,1160
75,52,2025-09-25,2025-09-25 14:53:59,600233.SH,B,18.700,200
76,52,2025-09-25,2025-09-25 14:53:51,002796.SZ,S,18.570,200
77,58,2025-09-25,2025-09-25 14:53:50,002203.SZ,B,12.890,200
78,61,2025-09-25,2025-09-25 14:53:43,600056.SH,S,11.540,200
79,61,2025-09-25,2025-09-25 14:53:33,300199.SZ,B,23.090,100
80,58,2025-09-25,2025-09-25 14:53:29,002547.SZ,B,5.360,200
81,44,2025-09-25,2025-09-25 14:53:13,000059.SZ,B,5.140,700
82,63,2025-09-25,2025-09-25 14:53:12,600160.SH,B,36.720,100
83,59,2025-09-25,2025-09-25 14:53:07,600377.SH,B,12.690,100
84,61,2025-09-25,2025-09-25 14:53:08,600377.SH,B,12.690,400
85,61,2025-09-25,2025-09-25 14:52:57,600801.SH,B,17.500,200
86,59,2025-09-25,2025-09-25 14:52:57,300002.SZ,B,15.520,500
87,61,2025-09-25,2025-09-25 14:52:57,300002.SZ,B,15.520,400
88,58,2025-09-25,2025-09-25 14:52:55,002434.SZ,B,9.990,400
89,58,2025-09-25,2025-09-25 14:52:43,300581.SZ,B,16.620,200
90,60,2025-09-25,2025-09-25 14:52:30,000333.SZ,S,72.850,100
91,58,2025-09-25,2025-09-25 14:52:20,300002.SZ,B,15.530,600
92,59,2025-09-25,2025-09-25 14:52:17,301197.SZ,B,19.470,100
93,61,2025-09-25,2025-09-25 14:52:17,301197.SZ,B,19.470,400
94,58,2025-09-25,2025-09-25 14:52:16,300996.SZ,B,17.230,160
95,58,2025-09-25,2025-09-25 14:52:16,300996.SZ,B,17.230,40
96,60,2025-09-25,2025-09-25 14:52:15,000333.SZ,S,72.870,100
97,52,2025-09-25,2025-09-25 14:52:10,300996.SZ,B,17.230,100
98,58,2025-09-25,2025-09-25 14:52:15,601658.SH,B,5.980,1400
99,60,2025-09-25,2025-09-25 14:52:12,000333.SZ,S,72.860,100
100,60,2025-09-25,2025-09-25 14:52:04,000333.SZ,S,72.860,100
101,60,2025-09-25,2025-09-25 14:52:02,000600.SZ,B,7.030,1400
102,60,2025-09-25,2025-09-25 14:52:01,000333.SZ,S,72.860,100
103,59,2025-09-25,2025-09-25 14:51:58,600233.SH,B,18.680,100
104,61,2025-09-25,2025-09-25 14:51:58,600233.SH,B,18.680,400
105,59,2025-09-25,2025-09-25 14:51:56,601658.SH,B,5.980,2600
106,59,2025-09-25,2025-09-25 14:51:56,601658.SH,B,5.980,100
107,59,2025-09-25,2025-09-25 14:51:56,601658.SH,B,5.980,300
108,61,2025-09-25,2025-09-25 14:51:57,601658.SH,B,5.980,4400
109,60,2025-09-25,2025-09-25 14:51:56,000672.SZ,S,9.280,400
110,52,2025-09-25,2025-09-25 14:51:52,002852.SZ,S,10.690,100
111,60,2025-09-25,2025-09-25 14:51:52,000333.SZ,S,72.870,100
112,63,2025-09-25,2025-09-25 14:51:52,000333.SZ,S,72.870,100
113,60,2025-09-25,2025-09-25 14:51:51,000333.SZ,S,72.860,100
114,58,2025-09-25,2025-09-25 14:51:43,300199.SZ,B,23.130,100
115,58,2025-09-25,2025-09-25 14:51:43,300199.SZ,B,23.130,100
116,58,2025-09-25,2025-09-25 14:51:37,002796.SZ,S,18.580,100
117,58,2025-09-25,2025-09-25 14:51:37,002796.SZ,S,18.580,100
118,58,2025-09-25,2025-09-25 14:51:37,002796.SZ,S,18.580,100
119,58,2025-09-25,2025-09-25 14:51:37,002796.SZ,S,18.580,300
120,59,2025-09-25,2025-09-25 14:51:36,002957.SZ,S,19.250,100
121,58,2025-09-25,2025-09-25 14:51:27,600446.SH,B,18.120,200
122,62,2025-09-25,2025-09-25 14:51:21,600189.SH,B,7.180,900
123,59,2025-09-25,2025-09-25 14:51:18,002476.SZ,S,5.680,100
124,60,2025-09-25,2025-09-25 14:51:09,601318.SH,S,55.110,200
125,59,2025-09-25,2025-09-25 14:51:06,600446.SH,B,18.120,100
126,61,2025-09-25,2025-09-25 14:51:06,600446.SH,B,18.120,100
127,59,2025-09-25,2025-09-25 14:51:04,002796.SZ,S,18.570,700
128,59,2025-09-25,2025-09-25 14:51:05,600052.SH,S,5.210,100
129,61,2025-09-25,2025-09-25 14:51:05,002796.SZ,S,18.570,300
130,61,2025-09-25,2025-09-25 14:51:05,002796.SZ,S,18.570,100
131,61,2025-09-25,2025-09-25 14:51:05,002796.SZ,S,18.570,100
132,61,2025-09-25,2025-09-25 14:51:05,002796.SZ,S,18.570,100
133,61,2025-09-25,2025-09-25 14:51:05,002796.SZ,S,18.570,200
134,61,2025-09-25,2025-09-25 14:51:05,002796.SZ,S,18.570,100
135,61,2025-09-25,2025-09-25 14:51:05,002796.SZ,S,18.570,100
136,61,2025-09-25,2025-09-25 14:51:05,002796.SZ,S,18.570,100
137,61,2025-09-25,2025-09-25 14:51:05,002796.SZ,S,18.570,100
138,61,2025-09-25,2025-09-25 14:51:05,002796.SZ,S,18.570,100
139,61,2025-09-25,2025-09-25 14:51:05,002796.SZ,S,18.570,100
140,61,2025-09-25,2025-09-25 14:51:05,002796.SZ,S,18.570,100
141,61,2025-09-25,2025-09-25 14:51:05,002796.SZ,S,18.570,100
142,62,2025-09-25,2025-09-25 14:51:04,000088.SZ,B,4.450,100
143,58,2025-09-25,2025-09-25 14:51:02,002431.SZ,S,2.400,100
144,59,2025-09-25,2025-09-25 14:51:01,002765.SZ,B,14.230,100
145,61,2025-09-25,2025-09-25 14:50:53,001289.SZ,B,16.880,100
146,61,2025-09-25,2025-09-25 14:50:53,001289.SZ,B,16.880,300
147,52,2025-09-25,2025-09-25 14:50:21,002765.SZ,B,14.230,200
148,60,2025-09-25,2025-09-25 14:50:45,601319.SH,S,7.700,500
149,61,2025-09-25,2025-09-25 14:50:41,603516.SH,S,159.040,100
150,52,2025-09-25,2025-09-25 14:50:08,600961.SH,B,14.950,100
151,61,2025-09-25,2025-09-25 14:50:41,600653.SH,S,2.070,100
152,59,2025-09-25,2025-09-25 14:50:38,600961.SH,B,14.950,100
153,59,2025-09-25,2025-09-25 14:50:38,600761.SH,B,21.880,100
154,58,2025-09-25,2025-09-25 14:50:33,600233.SH,B,18.710,200
155,58,2025-09-25,2025-09-25 14:50:32,601658.SH,B,5.980,2100
156,59,2025-09-25,2025-09-25 14:50:32,000509.SZ,S,3.340,800
157,59,2025-09-25,2025-09-25 14:50:31,000509.SZ,S,3.340,500
158,62,2025-09-25,2025-09-25 14:50:30,601665.SH,B,5.810,200
159,62,2025-09-25,2025-09-25 14:50:30,601665.SH,B,5.810,100
160,62,2025-09-25,2025-09-25 14:50:30,601665.SH,B,5.810,400
161,59,2025-09-25,2025-09-25 14:50:29,000509.SZ,S,3.340,100
162,59,2025-09-25,2025-09-25 14:50:28,000509.SZ,S,3.340,1300
163,61,2025-09-25,2025-09-25 14:50:26,000509.SZ,S,3.340,8400
164,61,2025-09-25,2025-09-25 14:50:26,000509.SZ,S,3.340,600
165,52,2025-09-25,2025-09-25 14:50:20,603655.SH,S,38.330,100
166,62,2025-09-25,2025-09-25 14:50:20,600251.SH,B,8.090,600
167,61,2025-09-25,2025-09-25 14:50:19,002627.SZ,S,6.290,100
168,62,2025-09-25,2025-09-25 14:50:14,001391.SZ,B,6.590,1400
169,59,2025-09-25,2025-09-25 14:50:13,002434.SZ,B,9.990,100
170,60,2025-09-25,2025-09-25 14:50:14,601658.SH,S,5.980,178
171,61,2025-09-25,2025-09-25 14:50:13,002434.SZ,B,9.990,600
172,60,2025-09-25,2025-09-25 14:50:14,601658.SH,S,5.980,822
173,58,2025-09-25,2025-09-25 14:50:12,300565.SZ,S,13.090,400
174,58,2025-09-25,2025-09-25 14:50:12,300565.SZ,S,13.090,610
175,58,2025-09-25,2025-09-25 14:50:12,300565.SZ,S,13.090,290
176,58,2025-09-25,2025-09-25 14:50:06,603626.SH,S,14.360,300
177,52,2025-09-25,2025-09-25 14:50:03,002741.SZ,S,22.320,100
178,60,2025-09-25,2025-09-25 14:50:02,600295.SH,S,10.070,300
179,62,2025-09-25,2025-09-25 14:50:02,601918.SH,B,6.370,1000
180,62,2025-09-25,2025-09-25 14:50:02,601918.SH,B,6.370,200
181,58,2025-09-25,2025-09-25 14:50:00,600377.SH,B,12.680,400
182,61,2025-09-25,2025-09-25 14:50:00,002369.SZ,B,9.630,200
183,52,2025-09-25,2025-09-25 14:49:51,600377.SH,B,12.680,200
184,44,2025-09-25,2025-09-25 14:49:51,002151.SZ,B,30.090,100
185,59,2025-09-25,2025-09-25 14:49:50,002369.SZ,B,9.630,100
186,60,2025-09-25,2025-09-25 14:49:50,000338.SZ,B,13.860,300
187,61,2025-09-25,2025-09-25 14:49:49,300740.SZ,B,21.210,300
188,61,2025-09-25,2025-09-25 14:49:48,300740.SZ,B,21.210,100
189,58,2025-09-25,2025-09-25 14:49:48,300740.SZ,B,21.210,200
190,58,2025-09-25,2025-09-25 14:49:47,600761.SH,B,21.880,400
191,61,2025-09-25,2025-09-25 14:49:48,600761.SH,B,21.880,400
192,52,2025-09-25,2025-09-25 14:49:45,600761.SH,B,21.880,100
193,52,2025-09-25,2025-09-25 14:49:44,605333.SH,S,38.330,100
194,62,2025-09-25,2025-09-25 14:49:43,600018.SH,S,5.500,700
195,61,2025-09-25,2025-09-25 14:49:41,002815.SZ,B,15.680,400
196,62,2025-09-25,2025-09-25 14:49:40,601518.SH,S,2.700,2200
197,58,2025-09-25,2025-09-25 14:49:39,603633.SH,S,12.480,100
198,60,2025-09-25,2025-09-25 14:49:38,002558.SZ,S,45.520,100
199,62,2025-09-25,2025-09-25 14:49:37,300180.SZ,B,7.310,900
200,59,2025-09-25,2025-09-25 14:49:36,002239.SZ,S,3.350,100
201,61,2025-09-25,2025-09-25 14:49:36,002239.SZ,S,3.350,100
202,61,2025-09-25,2025-09-25 14:49:34,002169.SZ,S,7.900,100
203,62,2025-09-25,2025-09-25 14:49:34,600018.SH,S,5.500,700
204,62,2025-09-25,2025-09-25 14:49:32,001391.SZ,B,6.590,1200
205,59,2025-09-25,2025-09-25 14:49:27,600801.SH,B,17.560,100
206,52,2025-09-25,2025-09-25 14:49:26,002428.SZ,B,28.510,100
207,60,2025-09-25,2025-09-25 14:49:26,003816.SZ,S,3.620,1600
208,52,2025-09-25,2025-09-25 14:49:25,002824.SZ,S,18.730,100
209,62,2025-09-25,2025-09-25 14:49:25,600018.SH,S,5.500,600
210,62,2025-09-25,2025-09-25 14:49:25,002233.SZ,S,8.960,1400
211,44,2025-09-25,2025-09-25 14:49:23,601038.SH,B,12.750,300
212,60,2025-09-25,2025-09-25 14:49:19,001391.SZ,B,6.590,1000
213,44,2025-09-25,2025-09-25 14:49:18,603806.SH,B,15.610,100
214,44,2025-09-25,2025-09-25 14:49:18,603806.SH,B,15.610,100
215,44,2025-09-25,2025-09-25 14:49:18,300622.SZ,B,31.710,100
216,44,2025-09-25,2025-09-25 14:49:15,600305.SH,B,7.860,300
217,44,2025-09-25,2025-09-25 14:49:15,600305.SH,B,7.860,100
218,44,2025-09-25,2025-09-25 14:49:14,601975.SH,B,3.060,300
219,44,2025-09-25,2025-09-25 14:49:14,601975.SH,B,3.060,600
220,44,2025-09-25,2025-09-25 14:49:14,601975.SH,B,3.060,1000
221,44,2025-09-25,2025-09-25 14:49:14,601975.SH,B,3.060,600
222,59,2025-09-25,2025-09-25 14:49:15,002662.SZ,S,3.930,100
223,61,2025-09-25,2025-09-25 14:49:15,002662.SZ,S,3.930,100
224,63,2025-09-25,2025-09-25 14:49:13,000651.SZ,B,39.560,100
225,60,2025-09-25,2025-09-25 14:49:09,001338.SZ,B,11.220,300
226,58,2025-09-25,2025-09-25 14:49:08,601003.SH,B,5.120,400
227,58,2025-09-25,2025-09-25 14:49:06,002472.SZ,B,51.220,200
228,63,2025-09-25,2025-09-25 14:49:05,601628.SH,B,38.080,100
229,44,2025-09-25,2025-09-25 14:49:04,002446.SZ,B,8.470,700
230,44,2025-09-25,2025-09-25 14:49:04,300296.SZ,B,7.360,500
231,60,2025-09-25,2025-09-25 14:49:02,300747.SZ,B,26.640,100
232,63,2025-09-25,2025-09-25 14:49:00,300747.SZ,B,26.640,300
233,60,2025-09-25,2025-09-25 14:49:00,300747.SZ,B,26.640,100
234,60,2025-09-25,2025-09-25 14:49:00,300747.SZ,B,26.640,100
235,61,2025-09-25,2025-09-25 14:49:00,600961.SH,B,14.960,200
236,58,2025-09-25,2025-09-25 14:48:58,600452.SH,B,9.370,200
237,58,2025-09-25,2025-09-25 14:48:56,600056.SH,S,11.550,100
238,58,2025-09-25,2025-09-25 14:48:55,600801.SH,B,17.560,400
239,52,2025-09-25,2025-09-25 14:48:54,600801.SH,B,17.560,200
240,44,2025-09-25,2025-09-25 14:48:47,300180.SZ,B,7.320,500
241,52,2025-09-25,2025-09-25 14:48:45,603328.SH,S,12.290,100
242,44,2025-09-25,2025-09-25 14:48:45,600733.SH,B,7.850,400
243,60,2025-09-25,2025-09-25 14:48:44,601208.SH,S,21.340,200
244,52,2025-09-25,2025-09-25 14:48:43,300324.SZ,B,7.020,100
245,61,2025-09-25,2025-09-25 14:48:43,300324.SZ,B,7.020,100
246,58,2025-09-25,2025-09-25 14:48:43,000592.SZ,S,3.300,100
247,60,2025-09-25,2025-09-25 14:48:42,301078.SZ,B,10.800,300
248,52,2025-09-25,2025-09-25 14:47:25,000700.SZ,S,11.190,100
249,61,2025-09-25,2025-09-25 14:48:39,600801.SH,B,17.560,100
250,60,2025-09-25,2025-09-25 14:48:37,000157.SZ,B,7.770,400
251,63,2025-09-25,2025-09-25 14:48:37,300059.SZ,B,26.500,300
252,61,2025-09-25,2025-09-25 14:48:37,600801.SH,B,17.560,200
253,44,2025-09-25,2025-09-25 14:48:33,600131.SH,B,17.610,200
254,60,2025-09-25,2025-09-25 14:48:30,002859.SZ,S,32.360,300
255,60,2025-09-25,2025-09-25 14:48:31,601066.SH,B,25.850,300
256,44,2025-09-25,2025-09-25 14:48:29,300231.SZ,B,11.890,300
257,60,2025-09-25,2025-09-25 14:48:27,601916.SH,B,3.020,1900
258,62,2025-09-25,2025-09-25 14:48:27,601916.SH,B,3.020,700
259,63,2025-09-25,2025-09-25 14:48:27,601916.SH,B,3.020,2200
260,61,2025-09-25,2025-09-25 14:48:28,600595.SH,S,5.100,100
261,60,2025-09-25,2025-09-25 14:48:27,601211.SH,B,18.860,200
262,60,2025-09-25,2025-09-25 14:48:25,300811.SZ,S,75.100,100
263,52,2025-09-25,2025-09-25 14:48:24,300683.SZ,B,34.840,100
264,58,2025-09-25,2025-09-25 14:48:23,300873.SZ,B,25.560,200
265,59,2025-09-25,2025-09-25 14:48:23,600684.SH,S,5.880,100
266,61,2025-09-25,2025-09-25 14:48:23,600684.SH,S,5.880,100
267,60,2025-09-25,2025-09-25 14:48:21,300001.SZ,B,27.850,300
268,52,2025-09-25,2025-09-25 14:47:48,603633.SH,S,12.470,100
269,44,2025-09-25,2025-09-25 14:48:20,002943.SZ,B,37.800,100
270,58,2025-09-25,2025-09-25 14:48:19,002303.SZ,S,4.470,100
271,62,2025-09-25,2025-09-25 14:48:18,601518.SH,S,2.700,2200
272,61,2025-09-25,2025-09-25 14:48:17,002484.SZ,S,32.390,100
273,59,2025-09-25,2025-09-25 14:48:17,002484.SZ,S,32.390,100
274,62,2025-09-25,2025-09-25 14:48:17,600489.SH,S,20.450,200
275,44,2025-09-25,2025-09-25 14:48:17,002859.SZ,S,32.370,100
276,52,2025-09-25,2025-09-25 14:48:16,002484.SZ,S,32.390,100
277,60,2025-09-25,2025-09-25 14:48:16,601919.SH,S,14.380,100
278,60,2025-09-25,2025-09-25 14:48:16,601919.SH,S,14.380,1000
279,58,2025-09-25,2025-09-25 14:48:16,605333.SH,S,38.320,100
280,58,2025-09-25,2025-09-25 14:48:16,002484.SZ,S,32.390,100
281,61,2025-09-25,2025-09-25 14:48:14,002303.SZ,S,4.470,100
282,61,2025-09-25,2025-09-25 14:48:13,601339.SH,S,5.410,100
283,60,2025-09-25,2025-09-25 14:48:12,600036.SH,S,40.860,100
284,58,2025-09-25,2025-09-25 14:48:12,000980.SZ,B,3.310,200
285,58,2025-09-25,2025-09-25 14:48:12,000980.SZ,B,3.310,600
286,59,2025-09-25,2025-09-25 14:48:10,300180.SZ,S,7.320,100
287,59,2025-09-25,2025-09-25 14:48:07,601872.SH,S,8.670,100
288,60,2025-09-25,2025-09-25 14:48:07,600938.SH,S,26.610,200
289,62,2025-09-25,2025-09-25 14:48:06,001376.SZ,S,12.690,400
290,63,2025-09-25,2025-09-25 14:48:07,002859.SZ,S,32.350,100
291,60,2025-09-25,2025-09-25 14:48:07,002046.SZ,S,30.980,200
292,61,2025-09-25,2025-09-25 14:48:05,603285.SH,S,26.060,100
293,61,2025-09-25,2025-09-25 14:48:05,603285.SH,S,26.060,300
294,59,2025-09-25,2025-09-25 14:48:05,603285.SH,S,26.060,200
295,52,2025-09-25,2025-09-25 14:48:05,603811.SH,S,13.150,100
296,52,2025-09-25,2025-09-25 14:47:55,002269.SZ,S,2.430,900
297,60,2025-09-25,2025-09-25 14:47:53,000672.SZ,S,9.270,500
298,44,2025-09-25,2025-09-25 14:47:53,600905.SH,B,4.250,4700
299,52,2025-09-25,2025-09-25 14:46:19,002239.SZ,S,3.350,100
300,63,2025-09-25,2025-09-25 14:47:47,002046.SZ,S,30.980,41
301,61,2025-09-25,2025-09-25 14:47:49,300797.SZ,B,16.760,200
302,63,2025-09-25,2025-09-25 14:47:47,002046.SZ,S,30.980,59
303,52,2025-09-25,2025-09-25 14:47:47,603773.SH,S,33.100,100
304,60,2025-09-25,2025-09-25 14:47:45,000672.SZ,S,9.270,500
305,58,2025-09-25,2025-09-25 14:47:46,002190.SZ,S,39.050,100
306,44,2025-09-25,2025-09-25 14:47:45,002859.SZ,S,32.340,100
307,58,2025-09-25,2025-09-25 14:47:44,600478.SH,B,6.310,200
308,58,2025-09-25,2025-09-25 14:47:44,600478.SH,B,6.310,100
309,58,2025-09-25,2025-09-25 14:47:44,600478.SH,B,6.310,100
310,58,2025-09-25,2025-09-25 14:47:44,002957.SZ,S,19.290,300
311,61,2025-09-25,2025-09-25 14:47:43,000932.SZ,S,6.410,100
312,59,2025-09-25,2025-09-25 14:47:41,600478.SH,B,6.310,100
313,59,2025-09-25,2025-09-25 14:47:40,601003.SH,B,5.120,100
314,61,2025-09-25,2025-09-25 14:47:40,600478.SH,B,6.310,600
315,61,2025-09-25,2025-09-25 14:47:40,601003.SH,B,5.120,200
316,61,2025-09-25,2025-09-25 14:47:40,601003.SH,B,5.120,200
317,61,2025-09-25,2025-09-25 14:47:39,002957.SZ,S,19.290,300
318,58,2025-09-25,2025-09-25 14:47:39,002765.SZ,B,14.260,200
319,58,2025-09-25,2025-09-25 14:47:38,002765.SZ,B,14.260,200
320,60,2025-09-25,2025-09-25 14:47:35,601669.SH,S,5.530,1700
321,60,2025-09-25,2025-09-25 14:47:32,601668.SH,S,5.480,2300
322,61,2025-09-25,2025-09-25 14:47:32,600395.SH,S,5.250,100
323,58,2025-09-25,2025-09-25 14:47:30,002239.SZ,S,3.350,100
324,58,2025-09-25,2025-09-25 14:47:27,300204.SZ,B,35.370,200
325,61,2025-09-25,2025-09-25 14:47:25,000659.SZ,S,2.830,100
326,58,2025-09-25,2025-09-25 14:47:23,002269.SZ,S,2.440,2000
327,58,2025-09-25,2025-09-25 14:47:22,002100.SZ,S,7.570,100
328,59,2025-09-25,2025-09-25 14:47:21,002448.SZ,S,10.820,100
329,60,2025-09-25,2025-09-25 14:47:19,601868.SH,S,2.400,11800
330,62,2025-09-25,2025-09-25 14:47:19,300188.SZ,S,15.580,100
331,59,2025-09-25,2025-09-25 14:47:18,000069.SZ,S,2.530,100
332,61,2025-09-25,2025-09-25 14:47:13,605333.SH,S,38.470,100
333,60,2025-09-25,2025-09-25 14:47:02,601886.SH,S,7.280,500
334,59,2025-09-25,2025-09-25 14:47:00,002622.SZ,S,3.860,100
335,62,2025-09-25,2025-09-25 14:47:00,300188.SZ,S,15.580,100
336,62,2025-09-25,2025-09-25 14:47:00,300188.SZ,S,15.580,100
337,61,2025-09-25,2025-09-25 14:47:00,000069.SZ,S,2.530,200
338,62,2025-09-25,2025-09-25 14:47:00,300188.SZ,S,15.580,100
339,61,2025-09-25,2025-09-25 14:46:59,300539.SZ,S,48.540,100
340,58,2025-09-25,2025-09-25 14:46:56,002369.SZ,B,9.640,200
341,52,2025-09-25,2025-09-25 14:46:54,002369.SZ,B,9.640,100
342,59,2025-09-25,2025-09-25 14:46:49,002772.SZ,S,9.210,100
343,61,2025-09-25,2025-09-25 14:46:48,002772.SZ,S,9.210,100
344,58,2025-09-25,2025-09-25 14:46:45,002796.SZ,S,18.540,100
345,52,2025-09-25,2025-09-25 14:46:37,002796.SZ,S,18.540,400
346,58,2025-09-25,2025-09-25 14:46:43,002796.SZ,S,18.540,800
347,58,2025-09-25,2025-09-25 14:46:42,600527.SH,S,2.250,100
348,52,2025-09-25,2025-09-25 14:46:35,603285.SH,S,26.070,100
349,52,2025-09-25,2025-09-25 14:46:35,601818.SH,S,3.440,100
350,60,2025-09-25,2025-09-25 14:46:34,600021.SH,S,19.000,200
351,61,2025-09-25,2025-09-25 14:46:35,600527.SH,S,2.250,100
352,58,2025-09-25,2025-09-25 14:46:34,002476.SZ,S,5.690,100
353,58,2025-09-25,2025-09-25 14:46:32,002772.SZ,S,9.210,100
354,61,2025-09-25,2025-09-25 14:46:31,603626.SH,S,14.360,300
355,61,2025-09-25,2025-09-25 14:46:31,603626.SH,S,14.360,100
356,61,2025-09-25,2025-09-25 14:46:31,603626.SH,S,14.360,200
357,61,2025-09-25,2025-09-25 14:46:30,603626.SH,S,14.360,100
358,61,2025-09-25,2025-09-25 14:46:30,002506.SZ,S,2.600,100
359,58,2025-09-25,2025-09-25 14:46:26,300185.SZ,S,3.040,100
360,61,2025-09-25,2025-09-25 14:46:26,601077.SH,S,6.340,100
361,58,2025-09-25,2025-09-25 14:46:25,002317.SZ,S,17.420,100
362,58,2025-09-25,2025-09-25 14:46:23,300575.SZ,S,6.440,100
363,61,2025-09-25,2025-09-25 14:46:24,002196.SZ,S,9.990,200
364,58,2025-09-25,2025-09-25 14:46:22,603285.SH,S,26.070,400
365,60,2025-09-25,2025-09-25 14:46:22,601137.SH,S,26.020,300
366,61,2025-09-25,2025-09-25 14:46:20,300009.SZ,S,10.090,100
367,58,2025-09-25,2025-09-25 14:46:21,300539.SZ,S,48.440,100
368,52,2025-09-25,2025-09-25 14:46:19,600016.SH,S,4.070,100
369,52,2025-09-25,2025-09-25 14:46:19,600478.SH,B,6.310,200
370,52,2025-09-25,2025-09-25 14:46:19,300009.SZ,S,10.090,100
371,58,2025-09-25,2025-09-25 14:46:13,002196.SZ,S,9.990,200
372,62,2025-09-25,2025-09-25 14:46:03,600236.SH,B,6.460,600
373,60,2025-09-25,2025-09-25 14:46:02,600236.SH,B,6.460,600
374,63,2025-09-25,2025-09-25 14:46:02,600236.SH,B,6.460,600
375,62,2025-09-25,2025-09-25 14:46:00,600236.SH,B,6.460,600
376,62,2025-09-25,2025-09-25 14:45:58,600236.SH,B,6.460,500
377,60,2025-09-25,2025-09-25 14:45:59,603992.SH,S,30.670,100
378,60,2025-09-25,2025-09-25 14:45:58,000059.SZ,B,5.130,900
379,60,2025-09-25,2025-09-25 14:45:27,000333.SZ,S,72.900,100
380,60,2025-09-25,2025-09-25 14:45:25,300049.SZ,S,78.500,100
381,63,2025-09-25,2025-09-25 14:45:27,000333.SZ,S,72.900,100
382,44,2025-09-25,2025-09-25 14:45:11,601886.SH,S,7.290,400
383,44,2025-09-25,2025-09-25 14:45:05,601886.SH,S,7.290,300
384,60,2025-09-25,2025-09-25 14:45:01,601288.SH,S,6.630,700
385,60,2025-09-25,2025-09-25 14:45:00,688223.SH,B,5.440,2400
386,63,2025-09-25,2025-09-25 14:44:59,601288.SH,S,6.630,900
387,60,2025-09-25,2025-09-25 14:44:59,601288.SH,S,6.630,600
388,63,2025-09-25,2025-09-25 14:44:53,002416.SZ,B,11.810,300
389,60,2025-09-25,2025-09-25 14:44:48,600745.SH,B,49.530,100
390,60,2025-09-25,2025-09-25 14:44:46,002416.SZ,B,11.810,100
391,60,2025-09-25,2025-09-25 14:44:46,002416.SZ,B,11.810,400
392,62,2025-09-25,2025-09-25 14:44:42,002361.SZ,B,6.220,4500
393,63,2025-09-25,2025-09-25 14:44:41,601816.SH,B,5.230,1200
394,63,2025-09-25,2025-09-25 14:44:36,601818.SH,B,3.440,1800
395,44,2025-09-25,2025-09-25 14:44:18,603733.SH,S,23.970,100
396,44,2025-09-25,2025-09-25 14:44:18,603733.SH,S,23.970,100
397,52,2025-09-25,2025-09-25 14:43:48,301197.SZ,B,19.490,100
398,60,2025-09-25,2025-09-25 14:43:46,002407.SZ,B,16.680,300
399,52,2025-09-25,2025-09-25 14:43:46,000725.SZ,B,4.190,200
400,62,2025-09-25,2025-09-25 14:43:28,601918.SH,B,6.350,6400
401,62,2025-09-25,2025-09-25 14:43:27,002958.SZ,B,3.140,300
402,44,2025-09-25,2025-09-25 14:43:24,600096.SH,B,25.680,200
403,61,2025-09-25,2025-09-25 14:43:15,001289.SZ,B,16.880,200
404,62,2025-09-25,2025-09-25 14:43:16,603992.SH,B,30.570,100
405,61,2025-09-25,2025-09-25 14:43:15,600056.SH,S,11.550,200
406,61,2025-09-25,2025-09-25 14:43:14,002323.SZ,S,1.700,100
407,61,2025-09-25,2025-09-25 14:43:09,002662.SZ,S,3.920,100
408,58,2025-09-25,2025-09-25 14:43:08,600527.SH,S,2.250,100
409,62,2025-09-25,2025-09-25 14:43:08,603992.SH,B,30.570,100
410,61,2025-09-25,2025-09-25 14:43:02,300797.SZ,B,16.790,200
411,58,2025-09-25,2025-09-25 14:43:02,001289.SZ,B,16.880,1100
412,58,2025-09-25,2025-09-25 14:43:02,001289.SZ,B,16.880,300
413,58,2025-09-25,2025-09-25 14:43:02,001289.SZ,B,16.880,100
414,58,2025-09-25,2025-09-25 14:43:02,001289.SZ,B,16.880,200
415,58,2025-09-25,2025-09-25 14:43:02,001289.SZ,B,16.880,100
416,61,2025-09-25,2025-09-25 14:43:00,300185.SZ,S,3.040,100
417,61,2025-09-25,2025-09-25 14:42:57,002565.SZ,S,7.220,100
418,58,2025-09-25,2025-09-25 14:42:57,000882.SZ,S,2.020,100
419,58,2025-09-25,2025-09-25 14:42:56,601975.SH,S,3.050,100
420,52,2025-09-25,2025-09-25 14:42:45,601818.SH,B,3.440,100
421,60,2025-09-25,2025-09-25 14:42:40,600025.SH,B,9.280,100
422,60,2025-09-25,2025-09-25 14:42:39,600025.SH,B,9.280,100
423,60,2025-09-25,2025-09-25 14:42:38,600025.SH,B,9.280,200
424,60,2025-09-25,2025-09-25 14:42:30,000657.SZ,S,17.790,200
425,63,2025-09-25,2025-09-25 14:42:29,002736.SZ,S,13.270,400
426,60,2025-09-25,2025-09-25 14:42:29,002736.SZ,S,13.270,400
427,60,2025-09-25,2025-09-25 14:42:26,601288.SH,S,6.600,500
428,60,2025-09-25,2025-09-25 14:42:24,601595.SH,B,29.880,200
429,62,2025-09-25,2025-09-25 14:42:15,603358.SH,S,41.510,46
430,60,2025-09-25,2025-09-25 14:42:11,601288.SH,S,6.600,500
431,60,2025-09-25,2025-09-25 14:42:11,603948.SH,S,24.980,100
432,61,2025-09-25,2025-09-25 14:42:11,002638.SZ,S,2.540,100
433,44,2025-09-25,2025-09-25 14:42:11,600507.SH,S,5.240,2100
434,59,2025-09-25,2025-09-25 14:42:11,002638.SZ,S,2.540,100
435,63,2025-09-25,2025-09-25 14:42:10,000703.SZ,B,6.410,100
436,60,2025-09-25,2025-09-25 14:42:10,000703.SZ,B,6.410,700
437,63,2025-09-25,2025-09-25 14:42:10,000703.SZ,B,6.410,600
438,44,2025-09-25,2025-09-25 14:41:58,688209.SH,B,20.900,300
439,60,2025-09-25,2025-09-25 14:41:45,601688.SH,S,19.740,100
440,60,2025-09-25,2025-09-25 14:41:45,601688.SH,S,19.740,500
441,60,2025-09-25,2025-09-25 14:41:45,601688.SH,S,19.740,1000
442,60,2025-09-25,2025-09-25 14:41:41,002287.SZ,S,26.140,400
443,63,2025-09-25,2025-09-25 14:41:39,600025.SH,B,9.280,100
444,44,2025-09-25,2025-09-25 14:41:37,601608.SH,S,5.300,600
445,63,2025-09-25,2025-09-25 14:41:36,600025.SH,B,9.280,400
446,59,2025-09-25,2025-09-25 14:41:30,000973.SZ,S,7.340,100
447,44,2025-09-25,2025-09-25 14:41:27,601156.SH,S,15.920,200
448,44,2025-09-25,2025-09-25 14:41:27,601156.SH,S,15.920,300
449,44,2025-09-25,2025-09-25 14:41:22,600864.SH,S,7.130,500
450,60,2025-09-25,2025-09-25 14:41:20,601606.SH,S,43.000,100
451,60,2025-09-25,2025-09-25 14:41:10,002542.SZ,B,3.650,900
452,61,2025-09-25,2025-09-25 14:41:07,002269.SZ,S,2.410,100
453,60,2025-09-25,2025-09-25 14:40:56,600688.SH,B,2.680,100
454,60,2025-09-25,2025-09-25 14:40:56,600688.SH,B,2.680,100
455,60,2025-09-25,2025-09-25 14:40:56,600688.SH,B,2.680,200
456,60,2025-09-25,2025-09-25 14:40:56,600688.SH,B,2.680,200
457,60,2025-09-25,2025-09-25 14:40:56,600688.SH,B,2.680,600
458,60,2025-09-25,2025-09-25 14:40:56,600688.SH,B,2.680,600
459,60,2025-09-25,2025-09-25 14:40:56,600688.SH,B,2.680,300
460,44,2025-09-25,2025-09-25 14:40:53,600528.SH,S,8.220,400
461,61,2025-09-25,2025-09-25 14:40:46,002303.SZ,S,4.470,100
462,58,2025-09-25,2025-09-25 14:40:41,000509.SZ,S,3.350,100
463,60,2025-09-25,2025-09-25 14:40:26,600183.SH,B,56.330,100
464,58,2025-09-25,2025-09-25 14:40:09,001289.SZ,B,16.870,1300
465,61,2025-09-25,2025-09-25 14:40:06,002815.SZ,B,15.700,200
466,61,2025-09-25,2025-09-25 14:40:06,002815.SZ,B,15.700,100
467,63,2025-09-25,2025-09-25 14:40:04,600489.SH,B,20.450,300
468,63,2025-09-25,2025-09-25 14:40:03,600489.SH,B,20.450,100
469,52,2025-09-25,2025-09-25 14:40:02,600452.SH,B,9.380,100
470,60,2025-09-25,2025-09-25 14:39:35,601298.SH,S,8.490,100
471,61,2025-09-25,2025-09-25 14:39:21,002472.SZ,B,51.250,200
472,58,2025-09-25,2025-09-25 14:39:22,000069.SZ,S,2.540,200
473,59,2025-09-25,2025-09-25 14:39:21,000069.SZ,S,2.530,100
474,52,2025-09-25,2025-09-25 14:31:30,000069.SZ,S,2.540,100
475,44,2025-09-25,2025-09-25 14:39:20,002233.SZ,B,8.960,300
476,61,2025-09-25,2025-09-25 14:39:20,000069.SZ,S,2.530,100
477,61,2025-09-25,2025-09-25 14:39:20,000069.SZ,S,2.530,100
478,60,2025-09-25,2025-09-25 14:39:17,600585.SH,S,23.260,200
479,60,2025-09-25,2025-09-25 14:39:16,002768.SZ,S,47.470,100
480,63,2025-09-25,2025-09-25 14:39:16,002768.SZ,S,47.470,100
481,44,2025-09-25,2025-09-25 14:39:08,000552.SZ,B,2.510,1200
482,62,2025-09-25,2025-09-25 14:38:49,600269.SH,S,4.880,700
483,60,2025-09-25,2025-09-25 14:38:41,601288.SH,S,6.600,500
484,59,2025-09-25,2025-09-25 14:38:42,300352.SZ,S,6.070,200
485,61,2025-09-25,2025-09-25 14:38:42,300352.SZ,S,6.070,100
486,52,2025-09-25,2025-09-25 14:38:37,002203.SZ,B,12.890,100
487,60,2025-09-25,2025-09-25 14:38:28,000877.SZ,S,6.060,600
488,61,2025-09-25,2025-09-25 14:38:26,002911.SZ,S,11.430,400
489,44,2025-09-25,2025-09-25 14:38:22,002226.SZ,S,6.600,700
490,61,2025-09-25,2025-09-25 14:38:18,002815.SZ,B,15.700,500
491,60,2025-09-25,2025-09-25 14:38:14,601898.SH,S,11.620,3200
492,63,2025-09-25,2025-09-25 14:38:10,601898.SH,S,11.620,800
493,62,2025-09-25,2025-09-25 14:38:10,601898.SH,S,11.620,3000
494,61,2025-09-25,2025-09-25 14:38:09,002055.SZ,S,8.100,100
495,61,2025-09-25,2025-09-25 14:38:05,600604.SH,S,5.870,100
496,60,2025-09-25,2025-09-25 14:38:03,002768.SZ,S,47.470,100
497,52,2025-09-25,2025-09-25 14:36:25,688098.SH,S,10.470,200
498,63,2025-09-25,2025-09-25 14:37:41,600183.SH,B,56.470,100
499,60,2025-09-25,2025-09-25 14:37:41,600183.SH,B,56.470,100
500,61,2025-09-25,2025-09-25 14:37:40,300740.SZ,B,21.280,200
501,61,2025-09-25,2025-09-25 14:37:33,000061.SZ,S,8.310,100
502,61,2025-09-25,2025-09-25 14:37:31,300520.SZ,B,25.510,100
503,60,2025-09-25,2025-09-25 14:37:11,601800.SH,S,8.700,700
504,59,2025-09-25,2025-09-25 14:37:10,600653.SH,S,2.080,100
505,60,2025-09-25,2025-09-25 14:37:07,002226.SZ,S,6.600,600
506,61,2025-09-25,2025-09-25 14:37:06,001289.SZ,B,16.860,100
507,61,2025-09-25,2025-09-25 14:37:05,001289.SZ,B,16.860,200
508,61,2025-09-25,2025-09-25 14:37:05,001289.SZ,B,16.860,100
509,59,2025-09-25,2025-09-25 14:37:05,001289.SZ,B,16.860,100
510,59,2025-09-25,2025-09-25 14:37:05,001289.SZ,B,16.860,600
511,52,2025-09-25,2025-09-25 14:35:47,601600.SH,B,7.630,100
512,52,2025-09-25,2025-09-25 14:34:27,002852.SZ,B,10.710,100
513,62,2025-09-25,2025-09-25 14:37:02,000600.SZ,S,7.030,1400
514,44,2025-09-25,2025-09-25 14:36:56,301200.SZ,S,102.800,100
515,44,2025-09-25,2025-09-25 14:36:55,000065.SZ,S,10.740,400
516,59,2025-09-25,2025-09-25 14:36:52,002980.SZ,S,25.610,100
517,60,2025-09-25,2025-09-25 14:36:40,002736.SZ,S,13.280,500
518,60,2025-09-25,2025-09-25 14:36:37,002468.SZ,S,18.390,200
519,60,2025-09-25,2025-09-25 14:36:37,002736.SZ,S,13.280,500
520,60,2025-09-25,2025-09-25 14:36:31,002714.SZ,S,52.960,100
521,58,2025-09-25,2025-09-25 14:36:31,002269.SZ,S,2.400,100
522,61,2025-09-25,2025-09-25 14:36:27,000509.SZ,S,3.350,200
523,62,2025-09-25,2025-09-25 14:36:23,600771.SH,S,19.190,200
524,60,2025-09-25,2025-09-25 14:36:19,002142.SZ,S,26.390,800
525,60,2025-09-25,2025-09-25 14:36:18,601288.SH,S,6.600,600
526,60,2025-09-25,2025-09-25 14:36:16,601288.SH,S,6.600,700
527,44,2025-09-25,2025-09-25 14:36:13,301193.SZ,S,18.790,200
528,58,2025-09-25,2025-09-25 14:36:12,603088.SH,S,11.890,200
529,62,2025-09-25,2025-09-25 14:36:11,603992.SH,B,30.770,200
530,61,2025-09-25,2025-09-25 14:36:10,300579.SZ,B,35.000,200
531,61,2025-09-25,2025-09-25 14:36:10,002622.SZ,S,3.840,100
532,61,2025-09-25,2025-09-25 14:36:08,300289.SZ,S,7.700,100
533,61,2025-09-25,2025-09-25 14:36:05,600026.SH,S,12.140,100
534,61,2025-09-25,2025-09-25 14:35:57,002957.SZ,S,19.330,100
535,62,2025-09-25,2025-09-25 14:35:50,300709.SZ,S,52.950,100
536,61,2025-09-25,2025-09-25 14:35:46,300592.SZ,S,11.140,100
537,62,2025-09-25,2025-09-25 14:35:44,002225.SZ,S,5.760,1000
538,62,2025-09-25,2025-09-25 14:35:44,002225.SZ,S,5.760,600
539,62,2025-09-25,2025-09-25 14:35:40,300188.SZ,S,15.580,900
540,62,2025-09-25,2025-09-25 14:35:40,300188.SZ,S,15.580,100
541,61,2025-09-25,2025-09-25 14:35:37,603506.SH,S,13.630,100
542,58,2025-09-25,2025-09-25 14:35:36,600595.SH,S,5.130,100
543,61,2025-09-25,2025-09-25 14:35:24,002796.SZ,S,18.620,100
544,60,2025-09-25,2025-09-25 14:35:13,300595.SZ,S,16.870,200
545,60,2025-09-25,2025-09-25 14:35:10,300595.SZ,S,16.870,200
546,63,2025-09-25,2025-09-25 14:35:10,300595.SZ,S,16.870,200
547,60,2025-09-25,2025-09-25 14:35:07,300433.SZ,B,33.810,200
548,60,2025-09-25,2025-09-25 14:35:06,300595.SZ,S,16.870,200
549,60,2025-09-25,2025-09-25 14:35:04,002714.SZ,S,52.960,100
550,58,2025-09-25,2025-09-25 14:35:03,300592.SZ,S,11.140,100
551,44,2025-09-25,2025-09-25 14:34:58,002399.SZ,S,12.070,100
552,60,2025-09-25,2025-09-25 14:35:01,605376.SH,S,55.760,100
553,60,2025-09-25,2025-09-25 14:35:01,601328.SH,B,6.860,2300
554,63,2025-09-25,2025-09-25 14:35:01,601328.SH,B,6.860,700
555,60,2025-09-25,2025-09-25 14:34:58,600036.SH,S,40.920,1300
556,63,2025-09-25,2025-09-25 14:34:58,600036.SH,S,40.920,300
557,44,2025-09-25,2025-09-25 14:34:58,002399.SZ,S,12.070,100
558,44,2025-09-25,2025-09-25 14:34:58,002399.SZ,S,12.070,100
559,62,2025-09-25,2025-09-25 14:34:54,300180.SZ,B,7.340,1000
560,52,2025-09-25,2025-09-25 14:34:39,300797.SZ,B,16.810,400
561,61,2025-09-25,2025-09-25 14:34:51,600179.SH,S,3.670,100
562,60,2025-09-25,2025-09-25 14:34:49,000858.SZ,B,121.670,100
563,61,2025-09-25,2025-09-25 14:34:46,002774.SZ,S,10.410,100
564,59,2025-09-25,2025-09-25 14:34:42,300736.SZ,S,12.980,100
565,61,2025-09-25,2025-09-25 14:34:39,300797.SZ,B,16.810,400
566,59,2025-09-25,2025-09-25 14:34:38,300547.SZ,B,43.380,300
567,61,2025-09-25,2025-09-25 14:34:34,002053.SZ,S,12.620,100
568,61,2025-09-25,2025-09-25 14:34:32,601975.SH,S,3.050,200
569,59,2025-09-25,2025-09-25 14:34:32,601975.SH,S,3.050,100
570,44,2025-09-25,2025-09-25 14:34:32,300364.SZ,B,27.800,200
571,60,2025-09-25,2025-09-25 14:34:32,000708.SZ,S,12.960,100
572,60,2025-09-25,2025-09-25 14:34:32,000708.SZ,S,12.960,100
573,60,2025-09-25,2025-09-25 14:34:32,000708.SZ,S,12.960,100
574,62,2025-09-25,2025-09-25 14:34:32,601975.SH,B,3.050,2300
575,59,2025-09-25,2025-09-25 14:34:30,002256.SZ,S,3.170,2500
576,61,2025-09-25,2025-09-25 14:34:30,002256.SZ,S,3.170,6600
577,44,2025-09-25,2025-09-25 14:34:29,605111.SH,B,35.820,200
578,61,2025-09-25,2025-09-25 14:34:29,000676.SZ,S,10.100,100
579,59,2025-09-25,2025-09-25 14:34:28,603818.SH,S,3.840,100
580,61,2025-09-25,2025-09-25 14:34:26,002491.SZ,S,5.540,100
581,61,2025-09-25,2025-09-25 14:34:26,300408.SZ,S,47.750,100
582,59,2025-09-25,2025-09-25 14:34:25,002575.SZ,S,8.210,100
583,52,2025-09-25,2025-09-25 14:33:46,002911.SZ,S,11.430,100
584,59,2025-09-25,2025-09-25 14:34:11,603633.SH,S,12.520,100
585,63,2025-09-25,2025-09-25 14:34:09,603456.SH,B,19.540,200
586,52,2025-09-25,2025-09-25 14:33:00,600721.SH,S,9.070,100
587,63,2025-09-25,2025-09-25 14:34:07,688223.SH,B,5.430,1400
588,60,2025-09-25,2025-09-25 14:34:04,000708.SZ,S,12.950,100
589,60,2025-09-25,2025-09-25 14:34:04,000708.SZ,S,12.950,100
590,60,2025-09-25,2025-09-25 14:34:04,000708.SZ,S,12.950,100
591,60,2025-09-25,2025-09-25 14:34:04,000708.SZ,S,12.950,500
592,60,2025-09-25,2025-09-25 14:34:04,000708.SZ,S,12.950,300
593,60,2025-09-25,2025-09-25 14:34:04,000708.SZ,S,12.950,100
594,61,2025-09-25,2025-09-25 14:34:01,002695.SZ,S,13.060,100
595,59,2025-09-25,2025-09-25 14:33:59,600620.SH,S,6.100,100
596,59,2025-09-25,2025-09-25 14:33:58,000953.SZ,S,7.210,100
597,58,2025-09-25,2025-09-25 14:33:58,603626.SH,S,14.400,100
598,61,2025-09-25,2025-09-25 14:33:54,603328.SH,S,12.310,100
599,58,2025-09-25,2025-09-25 14:33:55,002745.SZ,S,9.610,100
600,58,2025-09-25,2025-09-25 14:33:53,600056.SH,S,11.540,200
601,60,2025-09-25,2025-09-25 14:33:53,600111.SH,S,47.470,200
602,60,2025-09-25,2025-09-25 14:33:53,600111.SH,S,47.470,200
603,52,2025-09-25,2025-09-25 14:33:52,600056.SH,S,11.540,100
604,61,2025-09-25,2025-09-25 14:33:52,000877.SZ,S,6.060,100
605,61,2025-09-25,2025-09-25 14:33:50,605050.SH,S,19.260,100
606,61,2025-09-25,2025-09-25 14:33:49,002115.SZ,S,11.060,100
607,58,2025-09-25,2025-09-25 14:33:50,002072.SZ,S,7.700,100
608,44,2025-09-25,2025-09-25 14:33:49,000685.SZ,S,11.250,400
609,59,2025-09-25,2025-09-25 14:33:49,002676.SZ,S,10.110,100
610,61,2025-09-25,2025-09-25 14:33:48,002203.SZ,B,12.890,100
611,58,2025-09-25,2025-09-25 14:33:48,603328.SH,S,12.310,100
612,61,2025-09-25,2025-09-25 14:33:47,688658.SH,S,22.860,275
613,62,2025-09-25,2025-09-25 14:33:43,300098.SZ,S,5.890,100
614,62,2025-09-25,2025-09-25 14:33:43,300098.SZ,S,5.890,2500
615,61,2025-09-25,2025-09-25 14:33:42,300602.SZ,S,34.230,100
616,61,2025-09-25,2025-09-25 14:33:40,002446.SZ,S,8.500,100
617,52,2025-09-25,2025-09-25 14:33:38,002445.SZ,S,2.630,100
618,58,2025-09-25,2025-09-25 14:33:35,603500.SH,S,11.050,100
619,58,2025-09-25,2025-09-25 14:33:34,000659.SZ,S,2.830,100
620,61,2025-09-25,2025-09-25 14:33:34,000659.SZ,S,2.830,100
621,52,2025-09-25,2025-09-25 14:33:33,002072.SZ,S,7.700,100
622,61,2025-09-25,2025-09-25 14:33:31,301015.SZ,S,27.640,100
623,60,2025-09-25,2025-09-25 14:33:30,600016.SH,B,4.060,900
624,61,2025-09-25,2025-09-25 14:33:24,000970.SZ,S,14.090,100
625,63,2025-09-25,2025-09-25 14:33:17,601766.SH,B,7.410,700
626,59,2025-09-25,2025-09-25 14:33:15,600538.SH,S,5.630,100
627,60,2025-09-25,2025-09-25 14:33:14,300001.SZ,B,27.940,200
628,60,2025-09-25,2025-09-25 14:33:12,603486.SH,B,106.190,100
629,61,2025-09-25,2025-09-25 14:33:12,000757.SZ,S,5.200,100
630,60,2025-09-25,2025-09-25 14:33:12,603486.SH,B,106.190,100
631,63,2025-09-25,2025-09-25 14:33:07,603486.SH,B,106.190,200
632,62,2025-09-25,2025-09-25 14:33:06,600019.SH,B,6.810,800
633,59,2025-09-25,2025-09-25 14:33:03,002026.SZ,S,13.360,100
634,52,2025-09-25,2025-09-25 14:32:54,300584.SZ,B,58.240,100
635,60,2025-09-25,2025-09-25 14:32:50,600113.SH,S,50.720,100
636,60,2025-09-25,2025-09-25 14:32:49,600267.SH,S,10.340,1400
637,60,2025-09-25,2025-09-25 14:32:49,600113.SH,S,50.720,100
638,58,2025-09-25,2025-09-25 14:32:48,601113.SH,S,4.310,100
639,61,2025-09-25,2025-09-25 14:32:47,688321.SH,B,32.810,328
640,52,2025-09-25,2025-09-25 14:32:43,002202.SZ,S,14.170,300
641,60,2025-09-25,2025-09-25 14:32:43,601003.SH,S,5.130,1600
642,44,2025-09-25,2025-09-25 14:32:43,601003.SH,S,5.130,2000
643,61,2025-09-25,2025-09-25 14:32:42,300363.SZ,B,24.870,100
644,61,2025-09-25,2025-09-25 14:32:42,603181.SH,S,17.720,100
645,59,2025-09-25,2025-09-25 14:32:39,002139.SZ,S,15.830,100
646,44,2025-09-25,2025-09-25 14:32:36,002643.SZ,S,13.850,100
647,59,2025-09-25,2025-09-25 14:32:34,002815.SZ,B,15.720,300
648,61,2025-09-25,2025-09-25 14:32:33,002815.SZ,B,15.720,700
649,62,2025-09-25,2025-09-25 14:32:33,300747.SZ,B,26.740,100
650,63,2025-09-25,2025-09-25 14:32:32,300747.SZ,B,26.740,200
651,58,2025-09-25,2025-09-25 14:32:28,002911.SZ,S,11.450,200
652,63,2025-09-25,2025-09-25 14:32:28,603228.SH,B,68.150,100
653,59,2025-09-25,2025-09-25 14:32:25,002420.SZ,S,8.190,100
654,60,2025-09-25,2025-09-25 14:32:25,301200.SZ,S,102.950,100
655,60,2025-09-25,2025-09-25 14:32:25,301200.SZ,S,102.950,100
656,61,2025-09-25,2025-09-25 14:32:19,300723.SZ,S,57.880,100
657,61,2025-09-25,2025-09-25 14:32:18,002645.SZ,S,14.880,100
658,58,2025-09-25,2025-09-25 14:32:17,002088.SZ,S,13.070,100
659,44,2025-09-25,2025-09-25 14:32:17,002643.SZ,S,13.850,100
660,59,2025-09-25,2025-09-25 14:32:15,002911.SZ,S,11.450,100
661,44,2025-09-25,2025-09-25 14:32:15,002643.SZ,S,13.850,200
662,59,2025-09-25,2025-09-25 14:32:14,002172.SZ,S,4.150,100
663,58,2025-09-25,2025-09-25 14:32:14,300185.SZ,S,3.050,100
664,61,2025-09-25,2025-09-25 14:32:12,600210.SH,S,7.270,100
665,61,2025-09-25,2025-09-25 14:32:11,603052.SH,S,32.480,100
666,44,2025-09-25,2025-09-25 14:32:12,300722.SZ,S,31.130,100
667,58,2025-09-25,2025-09-25 14:32:11,300009.SZ,S,10.100,100
668,58,2025-09-25,2025-09-25 14:32:11,300352.SZ,S,6.070,100
669,59,2025-09-25,2025-09-25 14:32:10,603201.SH,S,19.140,100
670,60,2025-09-25,2025-09-25 14:32:09,002625.SZ,S,49.980,100
671,52,2025-09-25,2025-09-25 14:32:09,300352.SZ,S,6.070,100
672,44,2025-09-25,2025-09-25 14:32:02,601975.SH,B,3.050,2500
673,62,2025-09-25,2025-09-25 14:31:52,600995.SH,S,12.340,400
674,60,2025-09-25,2025-09-25 14:31:49,600276.SH,S,72.400,200
675,61,2025-09-25,2025-09-25 14:31:47,301526.SZ,S,6.530,100
676,59,2025-09-25,2025-09-25 14:31:47,301526.SZ,S,6.530,100
677,58,2025-09-25,2025-09-25 14:31:46,301526.SZ,S,6.530,200
678,52,2025-09-25,2025-09-25 14:31:32,002115.SZ,S,11.080,100
679,58,2025-09-25,2025-09-25 14:31:40,002248.SZ,S,10.430,100
680,58,2025-09-25,2025-09-25 14:31:40,002622.SZ,S,3.830,100
681,58,2025-09-25,2025-09-25 14:31:40,002662.SZ,S,3.930,100
682,58,2025-09-25,2025-09-25 14:31:40,002627.SZ,S,6.340,100
683,52,2025-09-25,2025-09-25 14:31:37,603601.SH,B,5.190,100
684,58,2025-09-25,2025-09-25 14:31:36,300602.SZ,S,34.320,100
685,61,2025-09-25,2025-09-25 14:31:34,600527.SH,S,2.260,100
686,61,2025-09-25,2025-09-25 14:31:33,002456.SZ,S,13.660,100
687,61,2025-09-25,2025-09-25 14:31:33,001359.SZ,S,52.110,100
688,58,2025-09-25,2025-09-25 14:31:34,002638.SZ,S,2.550,100
689,59,2025-09-25,2025-09-25 14:31:33,600527.SH,S,2.260,100
690,62,2025-09-25,2025-09-25 14:31:33,600016.SH,S,4.060,2300
691,61,2025-09-25,2025-09-25 14:31:33,603085.SH,S,10.930,100
692,60,2025-09-25,2025-09-25 14:31:32,002714.SZ,S,53.000,100
693,52,2025-09-25,2025-09-25 14:31:31,002256.SZ,S,3.170,1800
694,52,2025-09-25,2025-09-25 14:31:19,600016.SH,B,4.060,100
695,58,2025-09-25,2025-09-25 14:31:30,002256.SZ,S,3.170,3000
696,58,2025-09-25,2025-09-25 14:31:30,002256.SZ,S,3.170,400
697,58,2025-09-25,2025-09-25 14:31:30,002256.SZ,S,3.170,1000
698,58,2025-09-25,2025-09-25 14:31:29,002256.SZ,S,3.170,800
699,58,2025-09-25,2025-09-25 14:31:29,002256.SZ,S,3.170,300
700,58,2025-09-25,2025-09-25 14:31:29,002256.SZ,S,3.170,400
701,59,2025-09-25,2025-09-25 14:31:27,601311.SH,S,10.950,100
702,60,2025-09-25,2025-09-25 14:31:26,002714.SZ,S,53.000,100
703,60,2025-09-25,2025-09-25 14:31:25,300811.SZ,S,75.520,100
704,44,2025-09-25,2025-09-25 14:31:25,300593.SZ,S,18.190,200
705,52,2025-09-25,2025-09-25 14:31:19,002239.SZ,S,3.360,100
706,58,2025-09-25,2025-09-25 14:31:23,300382.SZ,S,17.340,100
707,59,2025-09-25,2025-09-25 14:31:22,603013.SH,S,27.180,100
708,59,2025-09-25,2025-09-25 14:31:21,300642.SZ,B,22.910,300
709,61,2025-09-25,2025-09-25 14:31:20,002239.SZ,S,3.360,200
710,58,2025-09-25,2025-09-25 14:31:20,002239.SZ,S,3.360,200
711,59,2025-09-25,2025-09-25 14:31:16,002870.SZ,S,35.790,100
712,59,2025-09-25,2025-09-25 14:31:12,002169.SZ,S,7.940,100
713,60,2025-09-25,2025-09-25 14:31:11,601288.SH,S,6.590,800
714,60,2025-09-25,2025-09-25 14:31:10,002416.SZ,B,11.830,300
715,60,2025-09-25,2025-09-25 14:31:06,002714.SZ,S,52.940,100
716,44,2025-09-25,2025-09-25 14:30:58,000767.SZ,S,2.900,1500
717,60,2025-09-25,2025-09-25 14:30:55,600346.SH,S,16.380,300
718,63,2025-09-25,2025-09-25 14:30:52,600036.SH,S,40.940,200
719,60,2025-09-25,2025-09-25 14:30:52,600036.SH,S,40.940,600
720,63,2025-09-25,2025-09-25 14:30:52,300748.SZ,B,35.510,100
721,60,2025-09-25,2025-09-25 14:30:49,300748.SZ,B,35.510,200
722,60,2025-09-25,2025-09-25 14:30:47,002416.SZ,B,11.830,300
723,60,2025-09-25,2025-09-25 14:30:45,601628.SH,B,38.130,300
724,63,2025-09-25,2025-09-25 14:30:42,600016.SH,B,4.060,1200
725,44,2025-09-25,2025-09-25 14:30:40,002520.SZ,B,6.460,500
726,44,2025-09-25,2025-09-25 14:30:40,002542.SZ,B,3.660,1000
727,62,2025-09-25,2025-09-25 14:30:30,600016.SH,S,4.060,8600
728,44,2025-09-25,2025-09-25 14:30:30,000008.SZ,B,2.830,2000
729,62,2025-09-25,2025-09-25 14:30:26,301058.SZ,B,11.010,400
730,62,2025-09-25,2025-09-25 14:30:26,301058.SZ,B,11.010,1000
731,62,2025-09-25,2025-09-25 14:30:26,301058.SZ,B,11.010,1100
732,44,2025-09-25,2025-09-25 14:30:23,300708.SZ,B,8.980,600
733,62,2025-09-25,2025-09-25 14:30:18,600985.SH,B,12.510,300
734,62,2025-09-25,2025-09-25 14:30:18,600985.SH,B,12.510,500
735,44,2025-09-25,2025-09-25 14:30:13,688019.SH,S,219.200,70
736,60,2025-09-25,2025-09-25 14:30:11,000566.SZ,B,5.520,1300
737,44,2025-09-25,2025-09-25 14:30:11,603738.SH,B,15.990,300
738,44,2025-09-25,2025-09-25 14:30:06,002273.SZ,B,27.620,300
739,44,2025-09-25,2025-09-25 14:30:05,002242.SZ,B,9.410,400
740,60,2025-09-25,2025-09-25 14:29:54,002714.SZ,S,52.920,100
741,60,2025-09-25,2025-09-25 14:29:51,002714.SZ,S,52.920,100
742,60,2025-09-25,2025-09-25 14:29:48,002714.SZ,S,52.920,100
743,63,2025-09-25,2025-09-25 14:29:48,002714.SZ,S,52.920,100
744,60,2025-09-25,2025-09-25 14:29:46,002648.SZ,B,18.990,300
745,44,2025-09-25,2025-09-25 14:29:27,600732.SH,B,16.100,300
746,62,2025-09-25,2025-09-25 14:29:21,600189.SH,B,7.170,500
747,44,2025-09-25,2025-09-25 14:29:12,600834.SH,B,8.510,400
748,44,2025-09-25,2025-09-25 14:29:12,603816.SH,B,30.820,100
749,63,2025-09-25,2025-09-25 14:29:06,601066.SH,B,25.890,300
750,62,2025-09-25,2025-09-25 14:28:59,600189.SH,B,7.170,100
751,62,2025-09-25,2025-09-25 14:28:55,600189.SH,B,7.170,1500
752,44,2025-09-25,2025-09-25 14:28:55,600100.SH,B,8.090,900
753,44,2025-09-25,2025-09-25 14:28:55,600189.SH,B,7.170,700
754,62,2025-09-25,2025-09-25 14:28:54,601658.SH,S,5.970,3800
755,63,2025-09-25,2025-09-25 14:28:53,601818.SH,B,3.440,900
756,63,2025-09-25,2025-09-25 14:28:53,601818.SH,B,3.440,900
757,60,2025-09-25,2025-09-25 14:28:52,600938.SH,S,26.600,400
758,60,2025-09-25,2025-09-25 14:28:50,601288.SH,S,6.590,800
759,60,2025-09-25,2025-09-25 14:28:45,002311.SZ,B,62.200,100
760,62,2025-09-25,2025-09-25 14:28:37,300709.SZ,S,53.070,100
761,63,2025-09-25,2025-09-25 14:28:34,601919.SH,S,14.380,1100
762,61,2025-09-25,2025-09-25 14:28:30,000927.SZ,B,2.660,100
763,61,2025-09-25,2025-09-25 14:28:30,600221.SH,S,1.580,100
764,61,2025-09-25,2025-09-25 14:28:30,601975.SH,S,3.050,100
765,60,2025-09-25,2025-09-25 14:28:21,600183.SH,B,56.750,100
766,44,2025-09-25,2025-09-25 14:28:14,300456.SZ,B,26.120,100
767,52,2025-09-25,2025-09-25 14:28:14,300586.SZ,B,11.000,300
768,52,2025-09-25,2025-09-25 14:28:13,600649.SH,B,4.670,100
769,52,2025-09-25,2025-09-25 14:28:13,600545.SH,S,2.940,100
770,52,2025-09-25,2025-09-25 14:28:13,603216.SH,S,17.150,200
771,61,2025-09-25,2025-09-25 14:28:10,002323.SZ,B,1.710,100
772,61,2025-09-25,2025-09-25 14:28:10,002046.SZ,B,31.120,200
773,60,2025-09-25,2025-09-25 14:28:09,002046.SZ,S,31.120,100
774,60,2025-09-25,2025-09-25 14:28:09,002046.SZ,S,31.120,400
775,58,2025-09-25,2025-09-25 14:28:09,300797.SZ,B,16.830,200
776,61,2025-09-25,2025-09-25 14:28:07,688658.SH,B,22.920,267
777,61,2025-09-25,2025-09-25 14:28:07,300363.SZ,B,24.960,100
778,61,2025-09-25,2025-09-25 14:28:07,300363.SZ,B,24.950,200
779,58,2025-09-25,2025-09-25 14:28:08,002303.SZ,S,4.480,100
780,58,2025-09-25,2025-09-25 14:28:07,300185.SZ,S,3.050,200
781,59,2025-09-25,2025-09-25 14:28:07,000882.SZ,S,2.020,100
782,52,2025-09-25,2025-09-25 14:28:06,300740.SZ,B,21.310,200
783,52,2025-09-25,2025-09-25 14:28:06,603216.SH,S,17.150,300
784,58,2025-09-25,2025-09-25 14:28:05,002140.SZ,S,11.120,300
785,58,2025-09-25,2025-09-25 14:28:05,300300.SZ,B,4.730,3400
786,59,2025-09-25,2025-09-25 14:28:05,002472.SZ,B,51.410,100
787,61,2025-09-25,2025-09-25 14:28:04,002638.SZ,S,2.540,100
788,58,2025-09-25,2025-09-25 14:28:04,002506.SZ,S,2.600,100
789,59,2025-09-25,2025-09-25 14:28:04,600340.SH,S,2.130,100
790,61,2025-09-25,2025-09-25 14:28:03,600340.SH,S,2.130,100
791,61,2025-09-25,2025-09-25 14:28:03,000008.SZ,B,2.830,100
792,58,2025-09-25,2025-09-25 14:28:03,603085.SH,S,10.900,100
793,58,2025-09-25,2025-09-25 14:28:03,603085.SH,S,10.900,700
794,58,2025-09-25,2025-09-25 14:28:03,603085.SH,S,10.900,200
795,61,2025-09-25,2025-09-25 14:28:02,002080.SZ,B,35.240,200
796,58,2025-09-25,2025-09-25 14:28:01,601975.SH,S,3.050,100
797,58,2025-09-25,2025-09-25 14:28:01,002066.SZ,S,15.430,600
798,61,2025-09-25,2025-09-25 14:28:01,600114.SH,S,32.620,100
799,52,2025-09-25,2025-09-25 14:28:00,601975.SH,S,3.050,100
800,61,2025-09-25,2025-09-25 14:27:58,000926.SZ,S,2.620,100
801,61,2025-09-25,2025-09-25 14:27:58,603216.SH,S,17.150,500
802,58,2025-09-25,2025-09-25 14:27:58,002066.SZ,S,15.440,200
803,58,2025-09-25,2025-09-25 14:27:56,300797.SZ,B,16.820,300
804,44,2025-09-25,2025-09-25 14:27:49,600688.SH,B,2.690,4400
805,61,2025-09-25,2025-09-25 14:27:49,600933.SH,B,23.960,100
806,44,2025-09-25,2025-09-25 14:27:49,300627.SZ,B,36.400,100
807,59,2025-09-25,2025-09-25 14:27:48,002472.SZ,B,51.450,100
808,58,2025-09-25,2025-09-25 14:27:47,600221.SH,S,1.580,100
809,58,2025-09-25,2025-09-25 14:27:47,002815.SZ,B,15.740,1000
810,52,2025-09-25,2025-09-25 14:27:46,300352.SZ,B,6.080,300
811,44,2025-09-25,2025-09-25 14:27:45,603031.SH,S,45.760,100
812,58,2025-09-25,2025-09-25 14:27:39,002886.SZ,S,23.990,200
813,58,2025-09-25,2025-09-25 14:27:40,002177.SZ,S,7.460,200
814,61,2025-09-25,2025-09-25 14:27:34,601608.SH,B,5.300,100
815,61,2025-09-25,2025-09-25 14:27:32,002066.SZ,S,15.440,1000
816,58,2025-09-25,2025-09-25 14:27:32,300683.SZ,B,35.010,200
817,52,2025-09-25,2025-09-25 14:27:27,300579.SZ,B,35.060,100
818,52,2025-09-25,2025-09-25 14:27:15,603085.SH,S,10.910,500
819,61,2025-09-25,2025-09-25 14:27:19,603601.SH,B,5.180,100
820,58,2025-09-25,2025-09-25 14:27:16,603085.SH,S,10.910,500
821,63,2025-09-25,2025-09-25 14:27:15,000877.SZ,S,6.060,60
822,63,2025-09-25,2025-09-25 14:27:15,000877.SZ,S,6.060,100
823,63,2025-09-25,2025-09-25 14:27:14,000877.SZ,S,6.060,500
824,58,2025-09-25,2025-09-25 14:27:14,603085.SH,S,10.910,400
825,62,2025-09-25,2025-09-25 14:27:12,600917.SH,B,5.700,500
826,63,2025-09-25,2025-09-25 14:27:12,000877.SZ,S,6.060,40
827,62,2025-09-25,2025-09-25 14:27:12,600917.SH,B,5.700,300
828,60,2025-09-25,2025-09-25 14:27:03,300732.SZ,S,8.360,1200
829,60,2025-09-25,2025-09-25 14:27:00,601688.SH,S,19.780,800
830,60,2025-09-25,2025-09-25 14:27:00,601688.SH,S,19.780,100
831,59,2025-09-25,2025-09-25 14:26:55,603216.SH,S,17.140,300
832,44,2025-09-25,2025-09-25 14:26:54,300677.SZ,S,36.910,100
833,60,2025-09-25,2025-09-25 14:26:51,000725.SZ,S,4.190,1100
834,58,2025-09-25,2025-09-25 14:26:51,300683.SZ,B,35.030,100
835,60,2025-09-25,2025-09-25 14:26:49,600309.SH,S,64.900,600
836,61,2025-09-25,2025-09-25 14:26:44,601339.SH,B,5.420,100
837,60,2025-09-25,2025-09-25 14:26:44,600995.SH,B,12.320,400
838,58,2025-09-25,2025-09-25 14:26:44,002445.SZ,S,2.630,100
839,60,2025-09-25,2025-09-25 14:26:43,600236.SH,B,6.460,200
840,60,2025-09-25,2025-09-25 14:26:43,600236.SH,B,6.460,200
841,60,2025-09-25,2025-09-25 14:26:43,600236.SH,B,6.460,100
842,60,2025-09-25,2025-09-25 14:26:41,000651.SZ,B,39.580,400
843,44,2025-09-25,2025-09-25 14:26:42,600562.SH,S,31.380,100
844,60,2025-09-25,2025-09-25 14:26:39,002558.SZ,S,45.710,100
845,60,2025-09-25,2025-09-25 14:26:39,002558.SZ,S,45.710,400
846,62,2025-09-25,2025-09-25 14:26:39,600604.SH,S,5.930,2800
847,62,2025-09-25,2025-09-25 14:26:36,600236.SH,B,6.460,500
848,63,2025-09-25,2025-09-25 14:26:34,000617.SZ,B,10.380,1000
849,61,2025-09-25,2025-09-25 14:26:34,300683.SZ,B,35.020,200
850,62,2025-09-25,2025-09-25 14:26:33,600236.SH,B,6.460,500
851,44,2025-09-25,2025-09-25 14:26:34,601096.SH,B,4.200,800
852,44,2025-09-25,2025-09-25 14:26:33,600703.SH,B,15.630,900
853,61,2025-09-25,2025-09-25 14:26:31,300584.SZ,B,58.640,100
854,61,2025-09-25,2025-09-25 14:26:31,600547.SH,B,37.940,200
855,59,2025-09-25,2025-09-25 14:26:31,000727.SZ,S,2.860,500
856,62,2025-09-25,2025-09-25 14:26:30,600236.SH,B,6.460,500
857,61,2025-09-25,2025-09-25 14:26:31,000727.SZ,S,2.860,2700
858,61,2025-09-25,2025-09-25 14:26:30,603085.SH,S,10.890,1300
859,59,2025-09-25,2025-09-25 14:26:30,603085.SH,S,10.890,500
860,62,2025-09-25,2025-09-25 14:26:29,600236.SH,B,6.460,600
861,62,2025-09-25,2025-09-25 14:26:27,003019.SZ,B,38.280,200
862,61,2025-09-25,2025-09-25 14:26:18,002722.SZ,B,16.120,100
863,60,2025-09-25,2025-09-25 14:26:16,601107.SH,S,5.600,200
864,62,2025-09-25,2025-09-25 14:26:16,601107.SH,S,5.600,200
865,62,2025-09-25,2025-09-25 14:26:16,601107.SH,S,5.600,700
866,62,2025-09-25,2025-09-25 14:26:16,601107.SH,S,5.600,100
867,63,2025-09-25,2025-09-25 14:26:16,601107.SH,S,5.600,300
868,62,2025-09-25,2025-09-25 14:26:16,601107.SH,S,5.600,400
869,60,2025-09-25,2025-09-25 14:26:16,601107.SH,S,5.600,100
870,62,2025-09-25,2025-09-25 14:26:16,601107.SH,S,5.600,700
871,60,2025-09-25,2025-09-25 14:26:16,601107.SH,S,5.600,500
872,62,2025-09-25,2025-09-25 14:26:16,601107.SH,S,5.600,100
873,60,2025-09-25,2025-09-25 14:26:16,601107.SH,S,5.600,200
874,62,2025-09-25,2025-09-25 14:26:16,601107.SH,S,5.600,900
875,63,2025-09-25,2025-09-25 14:26:15,002542.SZ,B,3.650,1200
876,59,2025-09-25,2025-09-25 14:26:14,002140.SZ,S,11.120,200
877,61,2025-09-25,2025-09-25 14:26:14,002140.SZ,S,11.120,100
878,58,2025-09-25,2025-09-25 14:26:13,300579.SZ,B,35.050,100
879,58,2025-09-25,2025-09-25 14:26:13,300579.SZ,B,35.050,100
880,58,2025-09-25,2025-09-25 14:26:13,300579.SZ,B,35.050,100
881,58,2025-09-25,2025-09-25 14:26:12,300300.SZ,B,4.730,1300
882,52,2025-09-25,2025-09-25 14:26:11,300300.SZ,B,4.730,400
883,62,2025-09-25,2025-09-25 14:26:10,000927.SZ,B,2.660,900
884,59,2025-09-25,2025-09-25 14:26:10,002239.SZ,S,3.350,100
885,61,2025-09-25,2025-09-25 14:26:10,002239.SZ,S,3.350,200
886,58,2025-09-25,2025-09-25 14:26:10,002239.SZ,S,3.350,100
887,58,2025-09-25,2025-09-25 14:26:08,603216.SH,S,17.120,1400
888,61,2025-09-25,2025-09-25 14:26:00,605050.SH,B,19.260,100
889,61,2025-09-25,2025-09-25 14:25:59,600475.SH,S,15.530,100
890,61,2025-09-25,2025-09-25 14:25:58,000877.SZ,B,6.050,100
891,44,2025-09-25,2025-09-25 14:25:58,301090.SZ,B,7.550,700
892,58,2025-09-25,2025-09-25 14:25:54,300352.SZ,B,6.070,1000
893,61,2025-09-25,2025-09-25 14:25:50,601166.SH,B,20.260,100
894,58,2025-09-25,2025-09-25 14:25:45,603085.SH,S,10.880,600
895,58,2025-09-25,2025-09-25 14:25:41,603085.SH,S,10.880,300
896,58,2025-09-25,2025-09-25 14:25:37,002662.SZ,S,3.920,100
897,52,2025-09-25,2025-09-25 14:19:49,002662.SZ,S,3.920,100
898,58,2025-09-25,2025-09-25 14:25:33,600547.SH,B,37.920,100
899,59,2025-09-25,2025-09-25 14:25:33,002662.SZ,S,3.920,100
900,61,2025-09-25,2025-09-25 14:25:33,002662.SZ,S,3.920,100
901,59,2025-09-25,2025-09-25 14:25:30,300185.SZ,S,3.050,100
902,61,2025-09-25,2025-09-25 14:25:30,300185.SZ,S,3.050,100
903,60,2025-09-25,2025-09-25 14:25:25,000895.SZ,B,24.700,200
904,44,2025-09-25,2025-09-25 14:25:25,600732.SH,B,16.100,200
905,52,2025-09-25,2025-09-25 14:25:06,002645.SZ,B,14.880,100
906,44,2025-09-25,2025-09-25 14:25:20,600732.SH,B,16.100,200
907,44,2025-09-25,2025-09-25 14:25:20,001337.SZ,B,27.270,300
908,61,2025-09-25,2025-09-25 14:25:17,300586.SZ,S,10.990,100
909,61,2025-09-25,2025-09-25 14:25:16,002446.SZ,B,8.490,100
910,59,2025-09-25,2025-09-25 14:25:12,300740.SZ,B,21.300,200
911,62,2025-09-25,2025-09-25 14:25:12,600019.SH,B,6.810,3600
912,61,2025-09-25,2025-09-25 14:25:12,002497.SZ,B,14.160,100
913,59,2025-09-25,2025-09-25 14:25:12,002303.SZ,S,4.490,100
914,60,2025-09-25,2025-09-25 14:25:05,600029.SH,B,5.960,1300
915,61,2025-09-25,2025-09-25 14:25:05,002695.SZ,B,13.060,100
916,61,2025-09-25,2025-09-25 14:25:05,300218.SZ,S,18.770,100
917,52,2025-09-25,2025-09-25 14:25:03,300371.SZ,B,13.330,100
918,44,2025-09-25,2025-09-25 14:24:59,002373.SZ,S,11.410,300
919,61,2025-09-25,2025-09-25 14:24:59,300371.SZ,B,13.320,600
920,58,2025-09-25,2025-09-25 14:24:55,002938.SZ,S,59.610,100
921,63,2025-09-25,2025-09-25 14:24:52,002736.SZ,S,13.280,300
922,60,2025-09-25,2025-09-25 14:24:50,002736.SZ,S,13.280,1000
923,59,2025-09-25,2025-09-25 14:24:43,300873.SZ,B,25.640,400
924,61,2025-09-25,2025-09-25 14:24:40,300873.SZ,B,25.640,200
925,59,2025-09-25,2025-09-25 14:24:37,600527.SH,S,2.260,100
926,61,2025-09-25,2025-09-25 14:24:37,600527.SH,S,2.260,200
927,58,2025-09-25,2025-09-25 14:24:37,600527.SH,S,2.260,200
928,44,2025-09-25,2025-09-25 14:24:34,301200.SZ,S,102.800,100
929,60,2025-09-25,2025-09-25 14:24:31,600188.SH,S,13.710,200
930,60,2025-09-25,2025-09-25 14:24:31,600188.SH,S,13.710,2000
931,58,2025-09-25,2025-09-25 14:24:29,002638.SZ,S,2.540,100
932,59,2025-09-25,2025-09-25 14:24:27,002468.SZ,S,18.300,100
933,44,2025-09-25,2025-09-25 14:24:25,003019.SZ,B,38.240,100
934,61,2025-09-25,2025-09-25 14:24:23,600826.SH,S,10.390,100
935,61,2025-09-25,2025-09-25 14:24:22,603633.SH,S,12.510,100
936,58,2025-09-25,2025-09-25 14:24:20,603360.SH,B,25.560,100
937,63,2025-09-25,2025-09-25 14:24:16,001391.SZ,B,6.590,600
938,63,2025-09-25,2025-09-25 14:24:16,001391.SZ,B,6.590,400
939,63,2025-09-25,2025-09-25 14:24:16,001391.SZ,B,6.590,200
940,63,2025-09-25,2025-09-25 14:24:16,001391.SZ,B,6.590,200
941,60,2025-09-25,2025-09-25 14:24:16,001391.SZ,B,6.590,100
942,60,2025-09-25,2025-09-25 14:24:16,001391.SZ,B,6.590,1000
943,58,2025-09-25,2025-09-25 14:24:16,002354.SZ,S,7.260,100
944,58,2025-09-25,2025-09-25 14:24:12,603085.SH,S,10.870,300
945,52,2025-09-25,2025-09-25 14:24:11,603088.SH,B,11.910,300
946,44,2025-09-25,2025-09-25 14:24:11,002807.SZ,B,4.520,300
947,52,2025-09-25,2025-09-25 14:24:09,603085.SH,S,10.870,300
948,44,2025-09-25,2025-09-25 14:24:09,601333.SH,S,3.300,900
949,44,2025-09-25,2025-09-25 14:24:09,601333.SH,S,3.300,600
950,44,2025-09-25,2025-09-25 14:24:10,300267.SZ,B,3.550,100
951,52,2025-09-25,2025-09-25 14:24:05,601113.SH,S,4.320,100
952,63,2025-09-25,2025-09-25 14:24:04,002558.SZ,S,45.600,200
953,61,2025-09-25,2025-09-25 14:24:03,002369.SZ,B,9.620,200
954,44,2025-09-25,2025-09-25 14:23:53,300708.SZ,B,8.960,400
955,61,2025-09-25,2025-09-25 14:23:51,002140.SZ,S,11.120,100
956,60,2025-09-25,2025-09-25 14:23:50,601208.SH,S,21.430,500
957,58,2025-09-25,2025-09-25 14:23:49,600601.SH,S,10.780,100
958,61,2025-09-25,2025-09-25 14:23:48,002093.SZ,B,11.480,200
959,58,2025-09-25,2025-09-25 14:23:46,300565.SZ,S,13.110,100
960,61,2025-09-25,2025-09-25 14:23:45,300077.SZ,B,25.060,100
961,61,2025-09-25,2025-09-25 14:23:45,300077.SZ,B,25.060,100
962,61,2025-09-25,2025-09-25 14:23:45,300077.SZ,B,25.060,100
963,61,2025-09-25,2025-09-25 14:23:45,600489.SH,B,20.480,500
964,61,2025-09-25,2025-09-25 14:23:43,002140.SZ,S,11.120,300
965,59,2025-09-25,2025-09-25 14:23:43,002938.SZ,S,59.560,100
966,61,2025-09-25,2025-09-25 14:23:42,600547.SH,B,37.970,300
967,61,2025-09-25,2025-09-25 14:23:42,600547.SH,B,37.970,100
968,58,2025-09-25,2025-09-25 14:23:42,301526.SZ,B,6.470,900
969,61,2025-09-25,2025-09-25 14:23:39,002938.SZ,S,59.560,200
970,61,2025-09-25,2025-09-25 14:23:39,002938.SZ,S,59.560,100
971,61,2025-09-25,2025-09-25 14:23:38,002140.SZ,S,11.120,100
972,63,2025-09-25,2025-09-25 14:23:34,600941.SH,B,106.070,100
973,60,2025-09-25,2025-09-25 14:23:33,000603.SZ,S,22.600,300
974,63,2025-09-25,2025-09-25 14:23:32,600438.SH,B,22.080,400
975,63,2025-09-25,2025-09-25 14:23:29,600941.SH,B,106.060,100
976,58,2025-09-25,2025-09-25 14:23:28,600452.SH,B,9.380,100
977,58,2025-09-25,2025-09-25 14:23:26,002886.SZ,S,23.780,200
978,61,2025-09-25,2025-09-25 14:23:21,600961.SH,B,14.960,100
979,60,2025-09-25,2025-09-25 14:23:20,301526.SZ,B,6.480,1600
980,63,2025-09-25,2025-09-25 14:23:20,301526.SZ,B,6.480,1000
981,61,2025-09-25,2025-09-25 14:23:18,002645.SZ,B,14.870,500
982,58,2025-09-25,2025-09-25 14:23:19,300584.SZ,B,58.720,100
983,60,2025-09-25,2025-09-25 14:23:18,601991.SH,S,3.370,1400
984,60,2025-09-25,2025-09-25 14:23:18,601991.SH,S,3.370,1200
985,61,2025-09-25,2025-09-25 14:23:16,001359.SZ,B,51.880,100
986,58,2025-09-25,2025-09-25 14:23:17,002472.SZ,B,50.980,100
987,58,2025-09-25,2025-09-25 14:23:14,002140.SZ,S,11.110,300
988,52,2025-09-25,2025-09-25 14:23:13,002140.SZ,S,11.110,100
989,60,2025-09-25,2025-09-25 14:23:12,601288.SH,S,6.590,1100
990,60,2025-09-25,2025-09-25 14:23:11,601288.SH,S,6.590,1300
991,58,2025-09-25,2025-09-25 14:23:09,002645.SZ,B,14.870,100
992,58,2025-09-25,2025-09-25 14:23:09,002645.SZ,B,14.870,100
993,58,2025-09-25,2025-09-25 14:23:09,002645.SZ,B,14.870,100
994,52,2025-09-25,2025-09-25 14:21:27,600839.SH,B,10.890,100
995,61,2025-09-25,2025-09-25 14:23:07,300584.SZ,B,58.720,100
996,59,2025-09-25,2025-09-25 14:23:06,600545.SH,S,2.950,200
997,61,2025-09-25,2025-09-25 14:23:06,600545.SH,S,2.950,600
998,61,2025-09-25,2025-09-25 14:23:04,688098.SH,B,10.470,288
999,58,2025-09-25,2025-09-25 14:23:06,600545.SH,S,2.950,500
1000,58,2025-09-25,2025-09-25 14:23:05,600316.SH,B,35.120,100
1001,58,2025-09-25,2025-09-25 14:23:01,000727.SZ,S,2.850,3700
1002,61,2025-09-25,2025-09-25 14:22:58,603085.SH,S,10.870,1100
1003,59,2025-09-25,2025-09-25 14:22:58,300579.SZ,B,34.970,200
1004,61,2025-09-25,2025-09-25 14:22:57,603085.SH,S,10.870,500
1005,61,2025-09-25,2025-09-25 14:22:57,603085.SH,S,10.870,700
1006,61,2025-09-25,2025-09-25 14:22:56,300204.SZ,B,35.510,200
1007,61,2025-09-25,2025-09-25 14:22:54,603085.SH,S,10.870,200
1008,60,2025-09-25,2025-09-25 14:22:52,002015.SZ,B,12.510,400
1009,61,2025-09-25,2025-09-25 14:22:54,603085.SH,S,10.870,400
1010,61,2025-09-25,2025-09-25 14:22:46,300682.SZ,S,19.790,100
1011,61,2025-09-25,2025-09-25 14:22:46,603088.SH,B,11.900,1100
1012,60,2025-09-25,2025-09-25 14:22:41,600875.SH,S,18.990,900
1013,58,2025-09-25,2025-09-25 14:22:40,300873.SZ,B,25.650,100
1014,61,2025-09-25,2025-09-25 14:22:40,603216.SH,S,17.150,200
1015,61,2025-09-25,2025-09-25 14:22:37,300300.SZ,B,4.720,1800
1016,61,2025-09-25,2025-09-25 14:22:36,002436.SZ,S,22.740,200
1017,61,2025-09-25,2025-09-25 14:22:36,002436.SZ,S,22.740,200
1018,61,2025-09-25,2025-09-25 14:22:37,603216.SH,S,17.150,300
1019,61,2025-09-25,2025-09-25 14:22:35,002345.SZ,S,14.910,100
1020,59,2025-09-25,2025-09-25 14:22:34,603216.SH,S,17.150,200
1021,59,2025-09-25,2025-09-25 14:22:34,603216.SH,S,17.150,100
1022,61,2025-09-25,2025-09-25 14:22:34,603216.SH,S,17.150,100
1023,61,2025-09-25,2025-09-25 14:22:34,603216.SH,S,17.150,100
1024,61,2025-09-25,2025-09-25 14:22:34,603216.SH,S,17.150,100
1025,61,2025-09-25,2025-09-25 14:22:34,603216.SH,S,17.150,100
1026,61,2025-09-25,2025-09-25 14:22:34,603216.SH,S,17.150,200
1027,52,2025-09-25,2025-09-25 14:20:59,603637.SH,S,12.550,100
1028,58,2025-09-25,2025-09-25 14:22:30,002842.SZ,S,10.550,1000
1029,61,2025-09-25,2025-09-25 14:22:28,600172.SH,S,5.160,400
1030,61,2025-09-25,2025-09-25 14:22:28,600172.SH,S,5.160,700
1031,59,2025-09-25,2025-09-25 14:22:28,600172.SH,S,5.160,400
1032,44,2025-09-25,2025-09-25 14:22:23,601089.SH,S,22.760,200
1033,59,2025-09-25,2025-09-25 14:22:22,300683.SZ,B,34.920,200
1034,44,2025-09-25,2025-09-25 14:22:21,002603.SZ,B,15.980,400
1035,61,2025-09-25,2025-09-25 14:22:19,000422.SZ,S,13.110,100
1036,59,2025-09-25,2025-09-25 14:22:19,300371.SZ,B,13.320,200
1037,59,2025-09-25,2025-09-25 14:22:19,603085.SH,S,10.870,1200
1038,62,2025-09-25,2025-09-25 14:22:13,601518.SH,S,2.690,1300
1039,60,2025-09-25,2025-09-25 14:22:15,600688.SH,B,2.680,1800
1040,60,2025-09-25,2025-09-25 14:22:15,600688.SH,B,2.680,300
1041,61,2025-09-25,2025-09-25 14:22:10,600604.SH,B,5.860,100
1042,58,2025-09-25,2025-09-25 14:22:10,603088.SH,B,11.900,500
1043,58,2025-09-25,2025-09-25 14:22:10,603088.SH,B,11.900,200
1044,58,2025-09-25,2025-09-25 14:22:10,603088.SH,B,11.900,400
1045,58,2025-09-25,2025-09-25 14:22:10,603088.SH,B,11.900,600
1046,61,2025-09-25,2025-09-25 14:22:08,600446.SH,B,18.150,100
1047,61,2025-09-25,2025-09-25 14:22:06,688472.SH,S,12.500,200
1048,60,2025-09-25,2025-09-25 14:22:01,300308.SZ,S,436.820,100
1049,59,2025-09-25,2025-09-25 14:21:49,002815.SZ,B,15.710,200
1050,58,2025-09-25,2025-09-25 14:21:47,300740.SZ,B,21.300,300
1051,61,2025-09-25,2025-09-25 14:21:43,002431.SZ,S,2.400,100
1052,44,2025-09-25,2025-09-25 14:21:42,603699.SH,B,44.110,100
1053,58,2025-09-25,2025-09-25 14:21:39,600744.SH,B,6.310,100
1054,60,2025-09-25,2025-09-25 14:21:39,600415.SH,B,18.490,200
1055,63,2025-09-25,2025-09-25 14:21:39,600415.SH,B,18.490,300
1056,59,2025-09-25,2025-09-25 14:21:37,600489.SH,B,20.480,200
1057,59,2025-09-25,2025-09-25 14:21:33,002006.SZ,S,22.660,100
1058,58,2025-09-25,2025-09-25 14:21:32,002772.SZ,S,9.130,100
1059,59,2025-09-25,2025-09-25 14:21:27,002815.SZ,B,15.710,400
1060,52,2025-09-25,2025-09-25 14:21:25,301526.SZ,B,6.480,200
1061,52,2025-09-25,2025-09-25 14:20:52,600114.SH,S,32.510,100
1062,61,2025-09-25,2025-09-25 14:21:21,600733.SH,B,7.850,100
1063,44,2025-09-25,2025-09-25 14:21:20,000922.SZ,S,11.870,300
1064,61,2025-09-25,2025-09-25 14:21:17,300683.SZ,B,34.890,200
1065,59,2025-09-25,2025-09-25 14:21:16,002645.SZ,B,14.860,200
1066,61,2025-09-25,2025-09-25 14:21:14,002256.SZ,S,3.120,1800
1067,59,2025-09-25,2025-09-25 14:21:14,002256.SZ,S,3.120,700
1068,62,2025-09-25,2025-09-25 14:21:13,603992.SH,B,30.760,300
1069,58,2025-09-25,2025-09-25 14:21:12,300846.SZ,B,25.810,100
1070,44,2025-09-25,2025-09-25 14:21:05,600834.SH,B,8.500,200
1071,52,2025-09-25,2025-09-25 14:21:04,600113.SH,B,50.730,100
1072,61,2025-09-25,2025-09-25 14:21:00,002468.SZ,B,18.300,100
1073,58,2025-09-25,2025-09-25 14:21:00,600172.SH,S,5.160,1000
1074,44,2025-09-25,2025-09-25 14:20:59,603031.SH,S,45.450,100
1075,60,2025-09-25,2025-09-25 14:20:57,300683.SZ,S,34.900,100
1076,60,2025-09-25,2025-09-25 14:20:57,300683.SZ,S,34.900,100
1077,58,2025-09-25,2025-09-25 14:20:57,603085.SH,S,10.860,600
1078,52,2025-09-25,2025-09-25 14:20:56,603085.SH,S,10.860,300
1079,58,2025-09-25,2025-09-25 14:20:53,600114.SH,S,32.510,200
1080,52,2025-09-25,2025-09-25 14:20:52,603386.SH,B,14.350,100
1081,61,2025-09-25,2025-09-25 14:20:51,603915.SH,S,17.550,100
1082,58,2025-09-25,2025-09-25 14:20:52,600489.SH,B,20.500,300
1083,58,2025-09-25,2025-09-25 14:20:52,002938.SZ,S,59.450,100
1084,58,2025-09-25,2025-09-25 14:20:52,002066.SZ,S,15.440,700
1085,52,2025-09-25,2025-09-25 14:20:51,600489.SH,B,20.500,200
1086,52,2025-09-25,2025-09-25 14:20:51,002066.SZ,S,15.440,300
1087,61,2025-09-25,2025-09-25 14:20:50,002011.SZ,B,14.400,100
1088,58,2025-09-25,2025-09-25 14:20:49,002484.SZ,S,32.400,100
1089,52,2025-09-25,2025-09-25 14:20:48,600172.SH,S,5.160,300
1090,52,2025-09-25,2025-09-25 14:20:47,600056.SH,S,11.560,200
1091,61,2025-09-25,2025-09-25 14:20:43,002182.SZ,B,15.490,100
1092,44,2025-09-25,2025-09-25 14:20:43,603355.SH,S,22.740,100
1093,61,2025-09-25,2025-09-25 14:20:41,603637.SH,S,12.550,400
1094,59,2025-09-25,2025-09-25 14:20:41,603637.SH,S,12.550,100
1095,44,2025-09-25,2025-09-25 14:20:39,600834.SH,B,8.500,300
1096,61,2025-09-25,2025-09-25 14:20:38,603386.SH,B,14.340,400
1097,61,2025-09-25,2025-09-25 14:20:38,002020.SZ,B,20.890,100
1098,61,2025-09-25,2025-09-25 14:20:34,000657.SZ,S,17.830,100
1099,61,2025-09-25,2025-09-25 14:20:35,601113.SH,S,4.320,100
1100,60,2025-09-25,2025-09-25 14:20:31,002736.SZ,S,13.280,700
1101,61,2025-09-25,2025-09-25 14:20:29,301526.SZ,B,6.480,800
1102,59,2025-09-25,2025-09-25 14:20:29,301526.SZ,B,6.480,400
1103,61,2025-09-25,2025-09-25 14:20:30,002361.SZ,B,6.220,100
1104,60,2025-09-25,2025-09-25 14:20:28,301526.SZ,B,6.480,500
1105,61,2025-09-25,2025-09-25 14:20:27,002100.SZ,S,7.580,100
1106,61,2025-09-25,2025-09-25 14:20:25,300584.SZ,B,58.720,100
1107,58,2025-09-25,2025-09-25 14:20:25,300180.SZ,S,7.340,100
1108,61,2025-09-25,2025-09-25 14:20:24,600114.SH,S,32.490,200
1109,59,2025-09-25,2025-09-25 14:20:24,600595.SH,S,5.120,1500
1110,59,2025-09-25,2025-09-25 14:20:24,600114.SH,S,32.490,100
1111,59,2025-09-25,2025-09-25 14:20:24,300797.SZ,B,16.770,400
1112,61,2025-09-25,2025-09-25 14:20:23,600595.SH,S,5.120,2000
1113,59,2025-09-25,2025-09-25 14:20:22,300199.SZ,B,23.200,200
1114,58,2025-09-25,2025-09-25 14:20:21,002137.SZ,B,8.650,100
1115,61,2025-09-25,2025-09-25 14:20:20,300257.SZ,B,15.390,100
1116,59,2025-09-25,2025-09-25 14:20:19,002436.SZ,S,22.750,100
1117,52,2025-09-25,2025-09-25 14:20:19,300520.SZ,B,25.550,100
1118,52,2025-09-25,2025-09-25 14:20:15,002436.SZ,S,22.750,100
1119,61,2025-09-25,2025-09-25 14:20:17,600602.SH,B,21.530,100
1120,58,2025-09-25,2025-09-25 14:20:16,002436.SZ,S,22.750,300
1121,60,2025-09-25,2025-09-25 14:20:10,605499.SH,B,287.000,100
1122,62,2025-09-25,2025-09-25 14:20:07,000617.SZ,B,10.360,900
1123,62,2025-09-25,2025-09-25 14:20:07,300180.SZ,B,7.340,2100
1124,63,2025-09-25,2025-09-25 14:20:07,300180.SZ,B,7.340,500
1125,58,2025-09-25,2025-09-25 14:20:04,002369.SZ,B,9.630,100
1126,60,2025-09-25,2025-09-25 14:20:03,002603.SZ,B,15.990,600
1127,58,2025-09-25,2025-09-25 14:20:04,600684.SH,S,5.890,200
1128,61,2025-09-25,2025-09-25 14:20:02,300499.SZ,B,33.040,100
1129,58,2025-09-25,2025-09-25 14:20:00,000676.SZ,B,10.100,100
1130,44,2025-09-25,2025-09-25 14:19:59,300489.SZ,B,45.870,100
1131,61,2025-09-25,2025-09-25 14:19:56,300903.SZ,B,12.900,200
1132,61,2025-09-25,2025-09-25 14:19:56,002006.SZ,S,22.670,200
1133,61,2025-09-25,2025-09-25 14:19:54,688687.SH,B,27.770,188
1134,61,2025-09-25,2025-09-25 14:19:54,688687.SH,B,27.770,100
1135,61,2025-09-25,2025-09-25 14:19:53,605488.SH,B,38.410,100
1136,61,2025-09-25,2025-09-25 14:19:52,605288.SH,S,106.850,100
1137,60,2025-09-25,2025-09-25 14:19:49,300683.SZ,S,34.890,100
1138,61,2025-09-25,2025-09-25 14:19:49,002006.SZ,S,22.670,200
1139,61,2025-09-25,2025-09-25 14:19:48,600744.SH,B,6.310,100
1140,61,2025-09-25,2025-09-25 14:19:47,601606.SH,B,43.070,100
1141,58,2025-09-25,2025-09-25 14:19:46,603386.SH,B,14.340,100
1142,44,2025-09-25,2025-09-25 14:19:47,603078.SH,B,20.710,300
1143,58,2025-09-25,2025-09-25 14:19:46,300371.SZ,B,13.300,300
1144,58,2025-09-25,2025-09-25 14:19:46,605298.SH,B,44.750,100
1145,59,2025-09-25,2025-09-25 14:19:45,002706.SZ,S,11.950,100
1146,58,2025-09-25,2025-09-25 14:19:45,300077.SZ,B,25.050,100
1147,58,2025-09-25,2025-09-25 14:19:42,002987.SZ,B,21.290,100
1148,61,2025-09-25,2025-09-25 14:19:40,300199.SZ,B,23.190,100
1149,58,2025-09-25,2025-09-25 14:19:38,600595.SH,S,5.120,600
1150,59,2025-09-25,2025-09-25 14:19:37,000509.SZ,S,3.350,100
1151,61,2025-09-25,2025-09-25 14:19:37,000509.SZ,S,3.350,100
1152,59,2025-09-25,2025-09-25 14:19:36,600547.SH,B,37.920,400
1153,63,2025-09-25,2025-09-25 14:19:30,600183.SH,B,56.570,100
1154,60,2025-09-25,2025-09-25 14:19:30,600183.SH,B,56.570,200
1155,61,2025-09-25,2025-09-25 14:19:28,300994.SZ,B,18.110,100
1156,62,2025-09-25,2025-09-25 14:19:24,600019.SH,B,6.810,900
1157,62,2025-09-25,2025-09-25 14:19:24,600019.SH,B,6.810,800
1158,58,2025-09-25,2025-09-25 14:19:20,300903.SZ,B,12.880,100
1159,63,2025-09-25,2025-09-25 14:19:16,002436.SZ,B,22.730,300
1160,61,2025-09-25,2025-09-25 14:19:15,605118.SH,B,29.970,100
1161,61,2025-09-25,2025-09-25 14:19:12,603367.SH,B,20.430,100
1162,59,2025-09-25,2025-09-25 14:19:12,002066.SZ,S,15.430,600
1163,61,2025-09-25,2025-09-25 14:19:12,002066.SZ,S,15.430,600
1164,44,2025-09-25,2025-09-25 14:19:11,300596.SZ,S,36.380,100
1165,59,2025-09-25,2025-09-25 14:19:09,300300.SZ,B,4.720,1000
1166,61,2025-09-25,2025-09-25 14:18:59,000676.SZ,B,10.090,100
1167,61,2025-09-25,2025-09-25 14:18:57,300554.SZ,B,25.890,100
1168,61,2025-09-25,2025-09-25 14:18:57,605298.SH,B,44.740,200
1169,61,2025-09-25,2025-09-25 14:18:56,600601.SH,S,10.780,100
1170,60,2025-09-25,2025-09-25 14:18:56,600507.SH,S,5.240,700
1171,61,2025-09-25,2025-09-25 14:18:52,601567.SH,S,23.960,100
1172,58,2025-09-25,2025-09-25 14:18:51,000069.SZ,S,2.530,200
1173,60,2025-09-25,2025-09-25 14:18:48,600585.SH,S,23.280,300
1174,60,2025-09-25,2025-09-25 14:18:46,600507.SH,S,5.240,200
1175,52,2025-09-25,2025-09-25 14:18:34,002472.SZ,B,50.960,100
1176,58,2025-09-25,2025-09-25 14:18:45,002182.SZ,B,15.470,100
1177,63,2025-09-25,2025-09-25 14:18:39,002345.SZ,B,14.910,300
1178,61,2025-09-25,2025-09-25 14:18:39,002169.SZ,S,7.910,100
1179,44,2025-09-25,2025-09-25 14:18:39,600662.SH,S,5.290,200
1180,58,2025-09-25,2025-09-25 14:18:38,002815.SZ,B,15.700,700
1181,44,2025-09-25,2025-09-25 14:18:37,002520.SZ,B,6.420,500
1182,58,2025-09-25,2025-09-25 14:18:36,600547.SH,B,37.920,200
1183,44,2025-09-25,2025-09-25 14:18:35,603701.SH,B,19.040,100
1184,60,2025-09-25,2025-09-25 14:18:33,002544.SZ,S,28.450,400
1185,44,2025-09-25,2025-09-25 14:18:32,600662.SH,S,5.290,100
1186,58,2025-09-25,2025-09-25 14:18:30,002006.SZ,S,22.670,400
1187,58,2025-09-25,2025-09-25 14:18:31,300797.SZ,B,16.750,400
1188,52,2025-09-25,2025-09-25 14:18:30,688098.SH,B,10.460,400
1189,52,2025-09-25,2025-09-25 14:18:30,002006.SZ,S,22.670,100
1190,58,2025-09-25,2025-09-25 14:18:28,600816.SH,S,3.060,100
1191,58,2025-09-25,2025-09-25 14:18:21,002428.SZ,B,28.620,100
1192,63,2025-09-25,2025-09-25 14:18:15,002463.SZ,B,74.580,100
1193,60,2025-09-25,2025-09-25 14:18:13,300059.SZ,B,26.500,800
1194,58,2025-09-25,2025-09-25 14:18:14,603367.SH,B,20.430,100
1195,58,2025-09-25,2025-09-25 14:18:14,002046.SZ,B,31.050,100
1196,59,2025-09-25,2025-09-25 14:18:13,603328.SH,S,12.290,100
1197,52,2025-09-25,2025-09-25 14:17:17,000592.SZ,S,3.300,100
1198,58,2025-09-25,2025-09-25 14:18:12,600490.SH,S,6.220,100
1199,58,2025-09-25,2025-09-25 14:18:06,605118.SH,B,29.960,100
1200,58,2025-09-25,2025-09-25 14:18:05,300797.SZ,B,16.750,100
1201,58,2025-09-25,2025-09-25 14:18:04,002911.SZ,S,11.410,100
1202,61,2025-09-25,2025-09-25 14:18:02,002772.SZ,S,9.110,100
1203,63,2025-09-25,2025-09-25 14:18:00,300433.SZ,B,33.760,100
1204,52,2025-09-25,2025-09-25 14:18:00,300363.SZ,B,24.810,100
1205,61,2025-09-25,2025-09-25 14:18:01,002042.SZ,S,5.400,100
1206,61,2025-09-25,2025-09-25 14:18:00,002677.SZ,S,7.560,100
1207,61,2025-09-25,2025-09-25 14:18:00,000069.SZ,S,2.530,200
1208,58,2025-09-25,2025-09-25 14:18:00,300363.SZ,B,24.810,300
1209,59,2025-09-25,2025-09-25 14:18:00,000069.SZ,S,2.530,100
1210,61,2025-09-25,2025-09-25 14:17:57,600653.SH,S,2.070,100
1211,58,2025-09-25,2025-09-25 14:17:56,600933.SH,B,23.840,100
1212,44,2025-09-25,2025-09-25 14:17:56,002287.SZ,S,26.130,200
1213,58,2025-09-25,2025-09-25 14:17:55,300642.SZ,B,22.820,100
1214,52,2025-09-25,2025-09-25 14:17:51,300642.SZ,B,22.820,100
1215,61,2025-09-25,2025-09-25 14:17:52,300866.SZ,B,126.090,100
1216,59,2025-09-25,2025-09-25 14:17:52,300363.SZ,B,24.810,200
1217,60,2025-09-25,2025-09-25 14:17:49,300433.SZ,B,33.770,200
1218,58,2025-09-25,2025-09-25 14:17:49,600331.SH,B,10.180,100
1219,52,2025-09-25,2025-09-25 14:17:45,002080.SZ,B,34.860,100
1220,58,2025-09-25,2025-09-25 14:17:48,002080.SZ,B,34.860,100
1221,58,2025-09-25,2025-09-25 14:17:47,300204.SZ,B,35.480,100
1222,58,2025-09-25,2025-09-25 14:17:45,605488.SH,B,38.400,100
1223,58,2025-09-25,2025-09-25 14:17:42,603101.SH,S,10.640,100
1224,61,2025-09-25,2025-09-25 14:17:39,600503.SH,S,3.280,100
1225,61,2025-09-25,2025-09-25 14:17:39,600331.SH,B,10.170,100
1226,58,2025-09-25,2025-09-25 14:17:37,600653.SH,S,2.070,100
1227,58,2025-09-25,2025-09-25 14:17:36,002472.SZ,B,50.950,200
1228,58,2025-09-25,2025-09-25 14:17:32,002212.SZ,S,10.090,100
1229,52,2025-09-25,2025-09-25 14:17:30,002558.SZ,B,45.610,100
1230,61,2025-09-25,2025-09-25 14:17:28,002707.SZ,S,7.580,100
1231,52,2025-09-25,2025-09-25 14:17:25,002638.SZ,S,2.540,100
1232,59,2025-09-25,2025-09-25 14:17:23,300602.SZ,S,34.230,100
1233,61,2025-09-25,2025-09-25 14:17:23,300602.SZ,S,34.230,100
1234,58,2025-09-25,2025-09-25 14:17:23,300602.SZ,S,34.230,100
1235,52,2025-09-25,2025-09-25 14:17:13,301511.SZ,S,36.610,100
1236,60,2025-09-25,2025-09-25 14:17:18,600010.SH,S,2.310,2500
1237,61,2025-09-25,2025-09-25 14:17:17,002370.SZ,S,5.710,100
1238,62,2025-09-25,2025-09-25 14:17:17,300138.SZ,S,12.650,800
1239,58,2025-09-25,2025-09-25 14:17:18,603590.SH,B,52.620,100
1240,44,2025-09-25,2025-09-25 14:17:18,300021.SZ,S,4.880,1100
1241,58,2025-09-25,2025-09-25 14:17:17,603637.SH,S,12.560,300
1242,58,2025-09-25,2025-09-25 14:17:17,600513.SH,S,19.360,100
1243,52,2025-09-25,2025-09-25 14:17:12,002949.SZ,S,16.450,100
1244,60,2025-09-25,2025-09-25 14:17:16,601658.SH,S,5.970,7300
1245,61,2025-09-25,2025-09-25 14:17:16,002574.SZ,S,5.560,100
1246,61,2025-09-25,2025-09-25 14:17:16,600530.SH,S,8.000,100
1247,60,2025-09-25,2025-09-25 14:17:16,601658.SH,S,5.970,1700
1248,60,2025-09-25,2025-09-25 14:17:16,000685.SZ,S,11.310,800
1249,61,2025-09-25,2025-09-25 14:17:16,000932.SZ,B,6.410,100
1250,58,2025-09-25,2025-09-25 14:17:15,000833.SZ,S,13.580,100
1251,58,2025-09-25,2025-09-25 14:17:15,002373.SZ,B,11.440,100
1252,59,2025-09-25,2025-09-25 14:17:14,300352.SZ,B,6.040,600
1253,52,2025-09-25,2025-09-25 14:17:11,002373.SZ,B,11.440,200
1254,61,2025-09-25,2025-09-25 14:17:14,300352.SZ,B,6.040,1100
1255,61,2025-09-25,2025-09-25 14:17:14,300846.SZ,B,25.790,100
1256,61,2025-09-25,2025-09-25 14:17:13,002558.SZ,B,45.550,100
1257,58,2025-09-25,2025-09-25 14:17:12,600222.SH,S,6.470,100
1258,59,2025-09-25,2025-09-25 14:17:11,002937.SZ,S,19.220,100
1259,61,2025-09-25,2025-09-25 14:17:09,600151.SH,S,8.040,100
1260,58,2025-09-25,2025-09-25 14:17:08,002949.SZ,S,16.460,100
1261,61,2025-09-25,2025-09-25 14:17:05,300642.SZ,B,22.840,200
1262,58,2025-09-25,2025-09-25 14:17:03,000509.SZ,S,3.350,200
1263,58,2025-09-25,2025-09-25 14:16:59,600503.SH,S,3.280,100
1264,58,2025-09-25,2025-09-25 14:17:00,002169.SZ,S,7.910,100
1265,63,2025-09-25,2025-09-25 14:16:53,301526.SZ,B,6.480,600
1266,61,2025-09-25,2025-09-25 14:16:50,002250.SZ,S,10.520,100
1267,52,2025-09-25,2025-09-25 14:16:42,002256.SZ,S,3.130,600
1268,61,2025-09-25,2025-09-25 14:16:46,600203.SH,B,13.760,300
1269,58,2025-09-25,2025-09-25 14:16:46,002186.SZ,S,11.610,100
1270,61,2025-09-25,2025-09-25 14:16:45,600684.SH,S,5.890,200
1271,61,2025-09-25,2025-09-25 14:16:45,300547.SZ,B,43.400,100
1272,61,2025-09-25,2025-09-25 14:16:45,300547.SZ,B,43.400,100
1273,61,2025-09-25,2025-09-25 14:16:43,002373.SZ,S,11.400,100
1274,59,2025-09-25,2025-09-25 14:16:43,002373.SZ,S,11.400,100
1275,63,2025-09-25,2025-09-25 14:16:39,601398.SH,B,7.380,600
1276,61,2025-09-25,2025-09-25 14:16:38,002428.SZ,S,28.700,100
1277,59,2025-09-25,2025-09-25 14:16:36,002842.SZ,S,10.530,400
1278,59,2025-09-25,2025-09-25 14:16:36,002842.SZ,S,10.530,500
1279,58,2025-09-25,2025-09-25 14:16:37,002842.SZ,S,10.530,900
1280,52,2025-09-25,2025-09-25 14:16:36,002842.SZ,S,10.530,700
1281,58,2025-09-25,2025-09-25 14:16:35,300471.SZ,S,11.030,100
1282,61,2025-09-25,2025-09-25 14:16:35,002842.SZ,S,10.540,2200
1283,58,2025-09-25,2025-09-25 14:16:31,600203.SH,B,13.760,100
1284,58,2025-09-25,2025-09-25 14:16:31,002256.SZ,S,3.140,1600
1285,52,2025-09-25,2025-09-25 14:16:30,600203.SH,B,13.760,100
1286,52,2025-09-25,2025-09-25 14:16:21,002886.SZ,S,23.730,300
1287,61,2025-09-25,2025-09-25 14:16:29,688166.SH,S,66.770,58
1288,61,2025-09-25,2025-09-25 14:16:29,600372.SH,B,11.990,100
1289,61,2025-09-25,2025-09-25 14:16:27,002177.SZ,S,7.450,200
1290,61,2025-09-25,2025-09-25 14:16:27,688166.SH,S,66.770,142
1291,59,2025-09-25,2025-09-25 14:16:27,002177.SZ,S,7.450,100
1292,58,2025-09-25,2025-09-25 14:16:28,002886.SZ,S,23.730,300
1293,61,2025-09-25,2025-09-25 14:16:27,301235.SZ,B,34.530,100
1294,63,2025-09-25,2025-09-25 14:16:24,600060.SH,S,25.240,500
1295,58,2025-09-25,2025-09-25 14:16:23,002125.SZ,S,13.900,100
1296,59,2025-09-25,2025-09-25 14:16:23,002456.SZ,S,13.600,100
1297,52,2025-09-25,2025-09-25 14:16:21,600016.SH,S,4.060,100
1298,60,2025-09-25,2025-09-25 14:16:19,000877.SZ,S,6.010,500
1299,60,2025-09-25,2025-09-25 14:16:19,000877.SZ,S,6.010,200
1300,60,2025-09-25,2025-09-25 14:16:19,000877.SZ,S,6.010,100
1301,60,2025-09-25,2025-09-25 14:16:19,000877.SZ,S,6.010,100
1302,60,2025-09-25,2025-09-25 14:16:19,000877.SZ,S,6.010,100
1303,60,2025-09-25,2025-09-25 14:16:19,000877.SZ,S,6.010,100
1304,60,2025-09-25,2025-09-25 14:16:19,000877.SZ,S,6.010,200
1305,60,2025-09-25,2025-09-25 14:16:19,000877.SZ,S,6.010,100
1306,60,2025-09-25,2025-09-25 14:16:19,000877.SZ,S,6.010,100
1307,60,2025-09-25,2025-09-25 14:16:19,000877.SZ,S,6.010,100
1308,60,2025-09-25,2025-09-25 14:16:19,000877.SZ,S,6.010,100
1309,60,2025-09-25,2025-09-25 14:16:19,000877.SZ,S,6.010,200
1310,60,2025-09-25,2025-09-25 14:16:19,000877.SZ,S,6.010,100
1311,60,2025-09-25,2025-09-25 14:16:19,000877.SZ,S,6.010,200
1312,60,2025-09-25,2025-09-25 14:16:19,000877.SZ,S,6.010,100
1313,60,2025-09-25,2025-09-25 14:16:19,000877.SZ,S,6.010,100
1314,59,2025-09-25,2025-09-25 14:16:18,002886.SZ,S,23.720,200
1315,59,2025-09-25,2025-09-25 14:16:18,002886.SZ,S,23.720,100
1316,61,2025-09-25,2025-09-25 14:16:17,600113.SH,B,50.880,100
1317,58,2025-09-25,2025-09-25 14:16:16,002456.SZ,S,13.600,53
1318,58,2025-09-25,2025-09-25 14:16:17,688166.SH,S,66.800,42
1319,58,2025-09-25,2025-09-25 14:16:16,002456.SZ,S,13.600,47
1320,58,2025-09-25,2025-09-25 14:16:17,688166.SH,S,66.800,158
1321,58,2025-09-25,2025-09-25 14:16:16,300232.SZ,S,8.150,100
1322,61,2025-09-25,2025-09-25 14:16:14,603052.SH,B,32.270,100
1323,61,2025-09-25,2025-09-25 14:16:14,603590.SH,B,52.690,200
1324,61,2025-09-25,2025-09-25 14:16:12,002886.SZ,S,23.710,800
1325,60,2025-09-25,2025-09-25 14:16:07,600060.SH,S,25.220,2500
1326,60,2025-09-25,2025-09-25 14:15:58,600060.SH,S,25.210,200
1327,63,2025-09-25,2025-09-25 14:15:53,301526.SZ,B,6.480,500
1328,60,2025-09-25,2025-09-25 14:15:47,603379.SH,S,56.900,100
1329,60,2025-09-25,2025-09-25 14:15:44,301378.SZ,S,30.260,300
1330,60,2025-09-25,2025-09-25 14:15:38,600284.SH,S,10.080,1000
1331,60,2025-09-25,2025-09-25 14:15:19,002128.SZ,S,22.330,100
1332,60,2025-09-25,2025-09-25 14:15:17,601886.SH,S,7.290,1200
1333,63,2025-09-25,2025-09-25 14:15:17,601886.SH,S,7.290,300
1334,60,2025-09-25,2025-09-25 14:15:08,000050.SZ,B,10.300,300
1335,44,2025-09-25,2025-09-25 14:14:52,603816.SH,B,30.870,100
1336,44,2025-09-25,2025-09-25 14:14:47,300916.SZ,S,41.340,100
1337,60,2025-09-25,2025-09-25 14:14:44,300289.SZ,S,7.680,400
1338,44,2025-09-25,2025-09-25 14:14:42,000852.SZ,B,6.310,800
1339,60,2025-09-25,2025-09-25 14:14:37,300289.SZ,S,7.680,100
1340,60,2025-09-25,2025-09-25 14:14:37,300289.SZ,S,7.680,300
1341,44,2025-09-25,2025-09-25 14:14:34,000877.SZ,S,6.010,1100
1342,60,2025-09-25,2025-09-25 14:14:24,002542.SZ,B,3.650,2700
1343,63,2025-09-25,2025-09-25 14:14:09,601728.SH,B,6.680,900
1344,63,2025-09-25,2025-09-25 14:14:08,601728.SH,B,6.680,3700
1345,44,2025-09-25,2025-09-25 14:14:05,300048.SZ,B,6.480,600
1346,60,2025-09-25,2025-09-25 14:13:55,603659.SH,S,27.870,100
1347,60,2025-09-25,2025-09-25 14:13:55,603659.SH,S,27.870,100
1348,60,2025-09-25,2025-09-25 14:13:55,601288.SH,S,6.580,1600
1349,60,2025-09-25,2025-09-25 14:13:53,601288.SH,S,6.580,1900
1350,44,2025-09-25,2025-09-25 14:13:48,002027.SZ,B,8.410,500
1351,63,2025-09-25,2025-09-25 14:13:42,601998.SH,B,7.350,1000
1352,44,2025-09-25,2025-09-25 14:13:38,300257.SZ,S,15.410,200
1353,44,2025-09-25,2025-09-25 14:13:38,300257.SZ,S,15.410,400
1354,44,2025-09-25,2025-09-25 14:13:38,300257.SZ,S,15.410,100
1355,63,2025-09-25,2025-09-25 14:13:37,002736.SZ,S,13.280,300
1356,59,2025-09-25,2025-09-25 14:13:30,601975.SH,S,3.050,100
1357,60,2025-09-25,2025-09-25 14:13:31,601872.SH,S,8.640,600
1358,63,2025-09-25,2025-09-25 14:13:31,601872.SH,S,8.640,500
1359,61,2025-09-25,2025-09-25 14:13:30,600221.SH,S,1.580,100
1360,61,2025-09-25,2025-09-25 14:13:30,601975.SH,S,3.050,200
1361,63,2025-09-25,2025-09-25 14:13:27,002736.SZ,S,13.280,300
1362,60,2025-09-25,2025-09-25 14:13:27,002736.SZ,S,13.280,1000
1363,63,2025-09-25,2025-09-25 14:13:27,300098.SZ,B,5.880,1000
1364,63,2025-09-25,2025-09-25 14:13:21,000566.SZ,B,5.520,900
1365,44,2025-09-25,2025-09-25 14:13:22,000566.SZ,B,5.520,800
1366,60,2025-09-25,2025-09-25 14:13:20,002736.SZ,S,13.280,100
1367,60,2025-09-25,2025-09-25 14:13:20,002736.SZ,S,13.280,100
1368,60,2025-09-25,2025-09-25 14:13:20,002736.SZ,S,13.280,100
1369,60,2025-09-25,2025-09-25 14:13:20,002736.SZ,S,13.280,100
1370,60,2025-09-25,2025-09-25 14:13:20,002736.SZ,S,13.280,100
1371,60,2025-09-25,2025-09-25 14:13:18,003816.SZ,S,3.620,1700
1372,59,2025-09-25,2025-09-25 14:13:15,002263.SZ,B,3.700,100
1373,59,2025-09-25,2025-09-25 14:13:15,002263.SZ,B,3.700,100
1374,59,2025-09-25,2025-09-25 14:13:15,002263.SZ,B,3.700,1200
1375,60,2025-09-25,2025-09-25 14:13:15,002271.SZ,B,12.370,400
1376,60,2025-09-25,2025-09-25 14:13:15,002271.SZ,B,12.370,100
1377,60,2025-09-25,2025-09-25 14:13:15,002271.SZ,B,12.370,100
1378,61,2025-09-25,2025-09-25 14:13:16,002303.SZ,S,4.480,100
1379,60,2025-09-25,2025-09-25 14:13:15,002271.SZ,B,12.370,100
1380,63,2025-09-25,2025-09-25 14:13:15,002271.SZ,B,12.370,700
1381,61,2025-09-25,2025-09-25 14:13:15,002263.SZ,B,3.700,1900
1382,58,2025-09-25,2025-09-25 14:13:14,000056.SZ,S,2.680,100
1383,61,2025-09-25,2025-09-25 14:13:13,300185.SZ,S,3.040,200
1384,61,2025-09-25,2025-09-25 14:13:13,002263.SZ,B,3.700,900
1385,61,2025-09-25,2025-09-25 14:13:13,000592.SZ,S,3.290,100
1386,61,2025-09-25,2025-09-25 14:13:13,002263.SZ,B,3.700,1900
1387,52,2025-09-25,2025-09-25 14:13:13,000069.SZ,S,2.520,100
1388,58,2025-09-25,2025-09-25 14:13:13,000069.SZ,S,2.520,200
1389,58,2025-09-25,2025-09-25 14:13:07,300185.SZ,S,3.040,100
1390,61,2025-09-25,2025-09-25 14:13:07,002239.SZ,S,3.340,200
1391,58,2025-09-25,2025-09-25 14:13:08,002303.SZ,S,4.470,100
1392,58,2025-09-25,2025-09-25 14:13:08,601113.SH,S,4.290,100
1393,58,2025-09-25,2025-09-25 14:13:07,600527.SH,S,2.250,100
1394,52,2025-09-25,2025-09-25 14:13:07,600527.SH,S,2.250,100
1395,52,2025-09-25,2025-09-25 14:13:07,300185.SZ,S,3.040,100
1396,52,2025-09-25,2025-09-25 14:13:07,000600.SZ,B,7.030,100
1397,59,2025-09-25,2025-09-25 14:13:07,002239.SZ,S,3.340,100
1398,61,2025-09-25,2025-09-25 14:13:05,002373.SZ,B,11.350,300
1399,62,2025-09-25,2025-09-25 14:13:03,600489.SH,S,20.480,300
1400,44,2025-09-25,2025-09-25 14:13:02,000672.SZ,S,9.310,400
1401,44,2025-09-25,2025-09-25 14:13:02,000672.SZ,S,9.310,500
1402,44,2025-09-25,2025-09-25 14:13:02,000672.SZ,S,9.310,200
1403,58,2025-09-25,2025-09-25 14:13:01,601975.SH,S,3.050,200
1404,59,2025-09-25,2025-09-25 14:13:00,002987.SZ,B,21.290,200
1405,59,2025-09-25,2025-09-25 14:13:00,002987.SZ,B,21.290,100
1406,58,2025-09-25,2025-09-25 14:13:00,002263.SZ,B,3.700,1600
1407,61,2025-09-25,2025-09-25 14:12:58,000813.SZ,S,4.180,100
1408,61,2025-09-25,2025-09-25 14:12:56,002638.SZ,S,2.540,100
1409,44,2025-09-25,2025-09-25 14:12:51,600868.SH,B,2.700,490
1410,44,2025-09-25,2025-09-25 14:12:51,600868.SH,B,2.700,1810
1411,58,2025-09-25,2025-09-25 14:12:46,600340.SH,S,2.130,100
1412,60,2025-09-25,2025-09-25 14:12:45,002317.SZ,S,17.500,100
1413,44,2025-09-25,2025-09-25 14:12:44,600475.SH,S,15.540,400
1414,63,2025-09-25,2025-09-25 14:12:36,002416.SZ,B,11.800,300
1415,52,2025-09-25,2025-09-25 14:12:15,002263.SZ,B,3.700,1600
1416,63,2025-09-25,2025-09-25 14:12:16,601818.SH,B,3.440,900
1417,62,2025-09-25,2025-09-25 14:12:14,001391.SZ,B,6.580,4000
1418,60,2025-09-25,2025-09-25 14:12:12,000617.SZ,B,10.360,1200
1419,59,2025-09-25,2025-09-25 14:12:12,002987.SZ,B,21.290,300
1420,44,2025-09-25,2025-09-25 14:12:10,003019.SZ,B,38.170,100
1421,61,2025-09-25,2025-09-25 14:12:08,300520.SZ,B,25.570,100
1422,62,2025-09-25,2025-09-25 14:12:07,001391.SZ,B,6.580,500
1423,58,2025-09-25,2025-09-25 14:12:06,601077.SH,S,6.350,100
1424,44,2025-09-25,2025-09-25 14:12:00,300708.SZ,B,8.950,400
1425,52,2025-09-25,2025-09-25 14:11:55,300204.SZ,B,35.560,100
1426,52,2025-09-25,2025-09-25 14:09:22,600819.SH,S,7.400,500
1427,61,2025-09-25,2025-09-25 14:11:46,600114.SH,S,32.430,100
1428,58,2025-09-25,2025-09-25 14:11:39,600114.SH,S,32.430,100
1429,62,2025-09-25,2025-09-25 14:11:33,601298.SH,B,8.480,100
1430,62,2025-09-25,2025-09-25 14:11:33,601298.SH,B,8.480,100
1431,63,2025-09-25,2025-09-25 14:11:33,601298.SH,B,8.480,200
1432,63,2025-09-25,2025-09-25 14:11:31,000921.SZ,B,27.040,300
1433,60,2025-09-25,2025-09-25 14:11:31,000921.SZ,B,27.040,700
1434,58,2025-09-25,2025-09-25 14:11:30,002239.SZ,S,3.340,200
1435,60,2025-09-25,2025-09-25 14:11:28,002493.SZ,S,9.430,1300
1436,60,2025-09-25,2025-09-25 14:11:27,600060.SH,S,25.170,300
1437,63,2025-09-25,2025-09-25 14:11:27,600060.SH,S,25.170,300
1438,44,2025-09-25,2025-09-25 14:11:23,300841.SZ,S,73.910,100
1439,60,2025-09-25,2025-09-25 14:11:20,601628.SH,B,38.090,200
1440,60,2025-09-25,2025-09-25 14:11:11,601800.SH,S,8.700,1600
1441,60,2025-09-25,2025-09-25 14:11:11,601800.SH,S,8.700,100
1442,60,2025-09-25,2025-09-25 14:11:06,601606.SH,S,43.030,200
1443,60,2025-09-25,2025-09-25 14:11:05,601318.SH,S,55.350,1600
1444,44,2025-09-25,2025-09-25 14:11:04,002913.SZ,S,41.550,200
1445,59,2025-09-25,2025-09-25 14:11:00,002938.SZ,S,59.530,100
1446,61,2025-09-25,2025-09-25 14:10:59,002622.SZ,S,3.840,100
1447,63,2025-09-25,2025-09-25 14:10:58,601318.SH,S,55.350,500
1448,59,2025-09-25,2025-09-25 14:10:55,000659.SZ,S,2.810,100
1449,61,2025-09-25,2025-09-25 14:10:55,000659.SZ,S,2.810,100
1450,44,2025-09-25,2025-09-25 14:10:54,000600.SZ,S,7.020,500
1451,44,2025-09-25,2025-09-25 14:10:54,000600.SZ,S,7.020,300
1452,44,2025-09-25,2025-09-25 14:10:42,603318.SH,B,6.590,400
1453,63,2025-09-25,2025-09-25 14:10:35,601818.SH,B,3.440,1300
1454,63,2025-09-25,2025-09-25 14:10:35,601818.SH,B,3.440,1400
1455,61,2025-09-25,2025-09-25 14:10:32,002745.SZ,S,9.650,100
1456,52,2025-09-25,2025-09-25 14:09:12,002239.SZ,S,3.350,400
1457,44,2025-09-25,2025-09-25 14:10:30,600233.SH,S,18.760,200
1458,61,2025-09-25,2025-09-25 14:10:20,000056.SZ,S,2.690,100
1459,58,2025-09-25,2025-09-25 14:10:16,002263.SZ,B,3.700,1400
1460,61,2025-09-25,2025-09-25 14:10:11,603367.SH,B,20.450,100
1461,44,2025-09-25,2025-09-25 14:09:58,000905.SZ,S,8.220,100
1462,60,2025-09-25,2025-09-25 14:09:58,603929.SH,B,42.200,100
1463,58,2025-09-25,2025-09-25 14:09:56,600819.SH,S,7.390,1100
1464,63,2025-09-25,2025-09-25 14:09:55,300499.SZ,B,33.030,100
1465,59,2025-09-25,2025-09-25 14:09:53,002911.SZ,S,11.410,300
1466,61,2025-09-25,2025-09-25 14:09:53,002911.SZ,S,11.410,600
1467,63,2025-09-25,2025-09-25 14:09:38,600183.SH,B,56.760,100
1468,61,2025-09-25,2025-09-25 14:09:32,002373.SZ,B,11.310,300
1469,59,2025-09-25,2025-09-25 14:09:32,002373.SZ,B,11.310,300
1470,44,2025-09-25,2025-09-25 14:09:31,300389.SZ,B,16.520,100
1471,44,2025-09-25,2025-09-25 14:09:31,300389.SZ,B,16.520,300
1472,62,2025-09-25,2025-09-25 14:09:31,600497.SH,B,5.970,1300
1473,61,2025-09-25,2025-09-25 14:09:29,002476.SZ,S,5.690,100
1474,59,2025-09-25,2025-09-25 14:09:28,601113.SH,S,4.290,100
1475,60,2025-09-25,2025-09-25 14:09:22,600528.SH,S,8.220,2400
1476,52,2025-09-25,2025-09-25 14:02:49,600595.SH,B,5.110,200
1477,44,2025-09-25,2025-09-25 14:09:16,002793.SZ,B,5.070,300
1478,44,2025-09-25,2025-09-25 14:09:16,002793.SZ,B,5.070,200
1479,44,2025-09-25,2025-09-25 14:09:16,002793.SZ,B,5.070,100
1480,44,2025-09-25,2025-09-25 14:09:16,002793.SZ,B,5.070,700
1481,44,2025-09-25,2025-09-25 14:09:16,002793.SZ,B,5.070,100
1482,62,2025-09-25,2025-09-25 14:09:11,601107.SH,S,5.580,600
1483,44,2025-09-25,2025-09-25 14:09:10,000877.SZ,S,6.010,500
1484,58,2025-09-25,2025-09-25 14:09:10,002638.SZ,S,2.540,100
1485,44,2025-09-25,2025-09-25 14:09:07,301559.SZ,B,16.620,300
1486,58,2025-09-25,2025-09-25 14:08:58,000659.SZ,S,2.810,100
1487,44,2025-09-25,2025-09-25 14:08:33,002520.SZ,B,6.430,100
1488,61,2025-09-25,2025-09-25 14:08:39,600933.SH,B,23.870,100
1489,44,2025-09-25,2025-09-25 14:08:37,002020.SZ,S,21.010,600
1490,61,2025-09-25,2025-09-25 14:08:35,600316.SH,B,35.090,300
1491,44,2025-09-25,2025-09-25 14:08:35,600063.SH,S,5.800,400
1492,44,2025-09-25,2025-09-25 14:08:33,002520.SZ,B,6.430,300
1493,44,2025-09-25,2025-09-25 14:08:33,002520.SZ,B,6.430,100
1494,44,2025-09-25,2025-09-25 14:08:30,600339.SH,B,3.400,1200
1495,60,2025-09-25,2025-09-25 14:08:27,002020.SZ,S,21.000,300
1496,60,2025-09-25,2025-09-25 14:08:27,002020.SZ,S,21.000,300
1497,60,2025-09-25,2025-09-25 14:08:27,002020.SZ,S,21.000,600
1498,52,2025-09-25,2025-09-25 14:08:27,603088.SH,B,11.840,200
1499,52,2025-09-25,2025-09-25 14:07:46,002468.SZ,B,18.310,100
1500,60,2025-09-25,2025-09-25 14:08:24,600183.SH,B,56.820,100
1501,61,2025-09-25,2025-09-25 14:08:23,300269.SZ,S,4.960,100
1502,60,2025-09-25,2025-09-25 14:08:19,002020.SZ,S,20.980,300
1503,60,2025-09-25,2025-09-25 14:08:19,002020.SZ,S,20.980,100
1504,60,2025-09-25,2025-09-25 14:08:19,002020.SZ,S,20.980,100
1505,60,2025-09-25,2025-09-25 14:08:19,002020.SZ,S,20.980,100
1506,44,2025-09-25,2025-09-25 14:08:17,603706.SH,S,20.520,100
1507,60,2025-09-25,2025-09-25 14:08:15,600295.SH,S,10.070,800
1508,61,2025-09-25,2025-09-25 14:08:12,002938.SZ,S,59.600,100
1509,61,2025-09-25,2025-09-25 14:08:11,600527.SH,S,2.250,200
1510,60,2025-09-25,2025-09-25 14:08:10,600295.SH,S,10.070,500
1511,62,2025-09-25,2025-09-25 14:08:07,003013.SZ,S,15.190,100
1512,62,2025-09-25,2025-09-25 14:08:07,003013.SZ,S,15.190,1000
1513,60,2025-09-25,2025-09-25 14:08:04,002736.SZ,S,13.280,500
1514,61,2025-09-25,2025-09-25 14:07:53,301215.SZ,S,6.680,200
1515,59,2025-09-25,2025-09-25 14:07:53,301215.SZ,S,6.680,100
1516,58,2025-09-25,2025-09-25 14:07:49,300077.SZ,B,25.100,200
1517,60,2025-09-25,2025-09-25 14:07:33,600183.SH,B,56.800,100
1518,60,2025-09-25,2025-09-25 14:07:33,600183.SH,B,56.800,100
1519,61,2025-09-25,2025-09-25 14:07:29,301120.SZ,S,13.790,100
1520,60,2025-09-25,2025-09-25 14:07:27,601998.SH,B,7.350,1500
1521,60,2025-09-25,2025-09-25 14:07:26,300595.SZ,S,16.900,200
1522,44,2025-09-25,2025-09-25 14:07:20,600796.SH,S,5.620,400
1523,61,2025-09-25,2025-09-25 14:07:20,002080.SZ,B,35.010,100
1524,60,2025-09-25,2025-09-25 14:07:17,003816.SZ,S,3.620,1800
1525,63,2025-09-25,2025-09-25 14:07:17,003816.SZ,S,3.620,200
1526,61,2025-09-25,2025-09-25 14:07:15,000882.SZ,S,2.020,100
1527,58,2025-09-25,2025-09-25 14:07:13,600819.SH,S,7.410,1600
1528,62,2025-09-25,2025-09-25 14:07:09,601860.SH,B,2.820,23400
1529,52,2025-09-25,2025-09-25 14:07:07,002852.SZ,S,10.690,100
1530,58,2025-09-25,2025-09-25 14:07:07,600210.SH,S,7.260,100
1531,58,2025-09-25,2025-09-25 14:07:06,301321.SZ,S,17.750,100
1532,61,2025-09-25,2025-09-25 14:07:04,002369.SZ,B,9.620,100
1533,44,2025-09-25,2025-09-25 14:07:01,601199.SH,B,5.630,100
1534,44,2025-09-25,2025-09-25 14:06:50,000791.SZ,S,6.390,100
1535,61,2025-09-25,2025-09-25 14:06:43,002772.SZ,S,9.130,100
1536,44,2025-09-25,2025-09-25 14:06:37,000922.SZ,S,11.870,300
1537,62,2025-09-25,2025-09-25 14:06:32,601998.SH,B,7.350,400
1538,58,2025-09-25,2025-09-25 14:06:32,002269.SZ,S,2.420,100
1539,52,2025-09-25,2025-09-25 14:06:29,300257.SZ,B,15.380,100
1540,44,2025-09-25,2025-09-25 14:06:29,300627.SZ,B,36.370,100
1541,61,2025-09-25,2025-09-25 14:06:27,002428.SZ,B,28.650,600
1542,58,2025-09-25,2025-09-25 14:06:24,002428.SZ,B,28.620,100
1543,44,2025-09-25,2025-09-25 14:06:23,300217.SZ,B,5.750,800
1544,44,2025-09-25,2025-09-25 14:06:21,600266.SH,S,4.910,500
1545,58,2025-09-25,2025-09-25 14:06:19,002357.SZ,S,9.800,100
1546,58,2025-09-25,2025-09-25 14:06:18,002622.SZ,S,3.860,100
1547,52,2025-09-25,2025-09-25 14:01:21,002622.SZ,S,3.860,100
1548,61,2025-09-25,2025-09-25 14:06:11,603036.SH,S,21.910,200
1549,61,2025-09-25,2025-09-25 14:06:08,002269.SZ,S,2.410,100
1550,52,2025-09-25,2025-09-25 14:05:46,002345.SZ,B,14.950,100
1551,59,2025-09-25,2025-09-25 14:06:07,600503.SH,S,3.280,100
1552,60,2025-09-25,2025-09-25 14:06:04,603799.SH,S,55.830,100
1553,61,2025-09-25,2025-09-25 14:06:03,002645.SZ,B,14.840,100
1554,63,2025-09-25,2025-09-25 14:06:01,002714.SZ,S,53.030,100
1555,62,2025-09-25,2025-09-25 14:06:00,601515.SH,S,4.530,600
1556,62,2025-09-25,2025-09-25 14:06:00,601515.SH,S,4.530,300
1557,63,2025-09-25,2025-09-25 14:06:00,688256.SH,B,1397.450,179
1558,61,2025-09-25,2025-09-25 14:05:58,002384.SZ,S,74.650,100
1559,62,2025-09-25,2025-09-25 14:05:58,601065.SH,B,8.300,100
1560,58,2025-09-25,2025-09-25 14:05:59,002345.SZ,B,14.950,200
1561,60,2025-09-25,2025-09-25 14:05:56,603799.SH,S,55.830,300
1562,44,2025-09-25,2025-09-25 14:05:53,300613.SZ,B,52.220,200
1563,60,2025-09-25,2025-09-25 14:05:53,002714.SZ,S,53.030,100
1564,58,2025-09-25,2025-09-25 14:05:53,002125.SZ,B,13.870,600
1565,58,2025-09-25,2025-09-25 14:05:53,000727.SZ,S,2.850,500
1566,52,2025-09-25,2025-09-25 14:05:50,002414.SZ,B,12.270,100
1567,61,2025-09-25,2025-09-25 14:05:48,002987.SZ,B,21.310,600
1568,59,2025-09-25,2025-09-25 14:05:44,000727.SZ,S,2.850,200
1569,61,2025-09-25,2025-09-25 14:05:44,000727.SZ,S,2.850,500
1570,62,2025-09-25,2025-09-25 14:05:44,600029.SH,B,5.960,800
1571,63,2025-09-25,2025-09-25 14:05:38,688256.SH,B,1396.660,21
1572,61,2025-09-25,2025-09-25 14:05:38,002125.SZ,B,13.860,600
1573,58,2025-09-25,2025-09-25 14:05:36,002317.SZ,B,17.450,600
1574,44,2025-09-25,2025-09-25 14:05:36,600834.SH,B,8.490,400
1575,60,2025-09-25,2025-09-25 14:05:36,000921.SZ,B,27.090,200
1576,61,2025-09-25,2025-09-25 14:05:35,300324.SZ,S,7.080,100
1577,58,2025-09-25,2025-09-25 14:05:34,603085.SH,S,10.880,100
1578,59,2025-09-25,2025-09-25 14:05:32,600316.SH,B,35.110,100
1579,59,2025-09-25,2025-09-25 14:05:32,600316.SH,B,35.110,200
1580,60,2025-09-25,2025-09-25 14:05:32,002416.SZ,B,11.820,500
1581,61,2025-09-25,2025-09-25 14:05:31,002345.SZ,B,14.950,400
1582,58,2025-09-25,2025-09-25 14:05:31,300520.SZ,B,25.580,200
1583,58,2025-09-25,2025-09-25 14:05:30,002169.SZ,S,7.920,100
1584,52,2025-09-25,2025-09-25 14:05:29,002169.SZ,S,7.920,100
1585,58,2025-09-25,2025-09-25 14:05:29,002468.SZ,B,18.310,200
1586,59,2025-09-25,2025-09-25 14:05:29,301511.SZ,S,36.690,100
1587,61,2025-09-25,2025-09-25 14:05:28,601606.SH,B,43.020,100
1588,52,2025-09-25,2025-09-25 14:05:27,300395.SZ,B,77.500,100
1589,52,2025-09-25,2025-09-25 14:02:54,002532.SZ,B,11.150,100
1590,44,2025-09-25,2025-09-25 14:05:26,002446.SZ,B,8.500,900
1591,59,2025-09-25,2025-09-25 14:05:23,002140.SZ,S,11.090,100
1592,52,2025-09-25,2025-09-25 14:04:45,002911.SZ,S,11.410,100
1593,44,2025-09-25,2025-09-25 14:05:20,601658.SH,S,5.950,300
1594,44,2025-09-25,2025-09-25 14:05:17,603676.SH,S,11.750,100
1595,44,2025-09-25,2025-09-25 14:05:17,603676.SH,S,11.750,100
1596,58,2025-09-25,2025-09-25 14:05:16,002055.SZ,S,8.110,100
1597,52,2025-09-25,2025-09-25 14:04:57,300683.SZ,B,34.650,100
1598,58,2025-09-25,2025-09-25 14:05:14,002911.SZ,S,11.410,400
1599,60,2025-09-25,2025-09-25 14:05:11,000776.SZ,S,20.990,700
1600,61,2025-09-25,2025-09-25 14:05:07,601872.SH,S,8.630,100
1601,44,2025-09-25,2025-09-25 14:05:09,603816.SH,B,30.900,100
1602,61,2025-09-25,2025-09-25 14:05:05,002182.SZ,B,15.450,100
1603,59,2025-09-25,2025-09-25 14:05:01,600595.SH,B,5.120,900
1604,61,2025-09-25,2025-09-25 14:05:00,600819.SH,S,7.410,5500
1605,59,2025-09-25,2025-09-25 14:04:57,600595.SH,B,5.120,300
1606,58,2025-09-25,2025-09-25 14:04:56,603088.SH,B,11.840,600
1607,59,2025-09-25,2025-09-25 14:04:56,603088.SH,B,11.830,1000
1608,59,2025-09-25,2025-09-25 14:04:56,600595.SH,B,5.120,900
1609,61,2025-09-25,2025-09-25 14:04:56,600595.SH,B,5.120,3300
1610,61,2025-09-25,2025-09-25 14:04:53,301511.SZ,S,36.690,100
1611,59,2025-09-25,2025-09-25 14:04:53,600819.SH,S,7.410,2000
1612,44,2025-09-25,2025-09-25 14:04:53,301015.SZ,S,27.740,200
1613,62,2025-09-25,2025-09-25 14:04:53,300098.SZ,S,5.890,700
1614,60,2025-09-25,2025-09-25 14:04:51,603179.SH,S,81.490,100
1615,59,2025-09-25,2025-09-25 14:04:50,002137.SZ,B,8.650,300
1616,61,2025-09-25,2025-09-25 14:04:49,002186.SZ,S,11.500,100
1617,58,2025-09-25,2025-09-25 14:04:51,002137.SZ,B,8.650,200
1618,58,2025-09-25,2025-09-25 14:04:50,000061.SZ,S,8.300,100
1619,60,2025-09-25,2025-09-25 14:04:48,002062.SZ,S,11.140,700
1620,61,2025-09-25,2025-09-25 14:04:48,000676.SZ,B,10.100,100
1621,61,2025-09-25,2025-09-25 14:04:44,300471.SZ,S,11.040,100
1622,58,2025-09-25,2025-09-25 14:04:44,002140.SZ,S,11.080,100
1623,52,2025-09-25,2025-09-25 14:04:43,603085.SH,S,10.880,100
1624,52,2025-09-25,2025-09-25 14:04:43,603085.SH,S,10.880,200
1625,62,2025-09-25,2025-09-25 14:04:42,300098.SZ,S,5.890,900
1626,44,2025-09-25,2025-09-25 14:04:42,603811.SH,S,13.160,300
1627,52,2025-09-25,2025-09-25 14:04:40,603992.SH,S,30.810,100
1628,52,2025-09-25,2025-09-25 14:03:54,002987.SZ,B,21.290,100
1629,62,2025-09-25,2025-09-25 14:04:39,300098.SZ,S,5.890,700
1630,62,2025-09-25,2025-09-25 14:04:38,300098.SZ,S,5.890,200
1631,58,2025-09-25,2025-09-25 14:04:38,603637.SH,S,12.490,100
1632,60,2025-09-25,2025-09-25 14:04:33,600795.SH,S,4.990,1600
1633,44,2025-09-25,2025-09-25 14:04:33,002226.SZ,S,6.620,900
1634,58,2025-09-25,2025-09-25 14:04:33,002987.SZ,B,21.290,100
1635,44,2025-09-25,2025-09-25 14:04:33,601728.SH,B,6.670,1000
1636,58,2025-09-25,2025-09-25 14:04:33,002987.SZ,B,21.290,100
1637,59,2025-09-25,2025-09-25 14:04:32,002842.SZ,S,10.360,100
