,fund_id,trade_dt,trade_time,s_info_windcode,direction,price,qty
0,61,2025-10-17,2025-10-17 14:56:59,002276.SZ,B,17.000,600
1,61,2025-10-17,2025-10-17 14:56:57,002622.SZ,B,3.130,100
2,61,2025-10-17,2025-10-17 14:56:52,301511.SZ,B,29.080,300
3,61,2025-10-17,2025-10-17 14:56:47,605189.SH,S,17.510,900
4,63,2025-10-17,2025-10-17 14:56:47,605189.SH,S,17.490,300
5,58,2025-10-17,2025-10-17 14:56:40,300421.SZ,B,19.030,200
6,61,2025-10-17,2025-10-17 14:56:37,300421.SZ,B,19.010,300
7,58,2025-10-17,2025-10-17 14:56:34,600638.SH,S,6.140,100
8,58,2025-10-17,2025-10-17 14:56:34,600638.SH,S,6.140,100
9,58,2025-10-17,2025-10-17 14:56:34,600638.SH,S,6.140,700
10,61,2025-10-17,2025-10-17 14:56:31,601089.SH,S,23.380,200
11,63,2025-10-17,2025-10-17 14:56:30,601818.SH,S,3.430,100
12,52,2025-10-17,2025-10-17 14:56:29,601916.SH,S,3.060,1700
13,61,2025-10-17,2025-10-17 14:56:24,603810.SH,S,16.740,200
14,61,2025-10-17,2025-10-17 14:56:22,300438.SZ,B,33.620,300
15,61,2025-10-17,2025-10-17 14:56:22,000911.SZ,S,7.430,600
16,61,2025-10-17,2025-10-17 14:56:16,002748.SZ,S,10.290,300
17,61,2025-10-17,2025-10-17 14:56:15,002562.SZ,B,7.260,100
18,63,2025-10-17,2025-10-17 14:56:15,000819.SZ,S,17.730,300
19,61,2025-10-17,2025-10-17 14:56:15,300410.SZ,B,8.630,100
20,58,2025-10-17,2025-10-17 14:56:15,300444.SZ,B,8.460,100
21,61,2025-10-17,2025-10-17 14:56:13,600186.SH,B,5.660,100
22,58,2025-10-17,2025-10-17 14:56:14,300444.SZ,B,8.460,1100
23,58,2025-10-17,2025-10-17 14:56:14,300444.SZ,B,8.460,100
24,58,2025-10-17,2025-10-17 14:56:13,300444.SZ,B,8.460,100
25,58,2025-10-17,2025-10-17 14:56:13,002631.SZ,S,5.490,1200
26,61,2025-10-17,2025-10-17 14:56:11,600728.SH,B,6.420,100
27,58,2025-10-17,2025-10-17 14:56:11,603118.SH,B,11.100,1100
28,61,2025-10-17,2025-10-17 14:56:11,603118.SH,B,11.100,300
29,61,2025-10-17,2025-10-17 14:56:09,300638.SZ,B,28.300,100
30,52,2025-10-17,2025-10-17 14:55:59,605189.SH,S,17.580,900
31,58,2025-10-17,2025-10-17 14:56:04,605189.SH,S,17.560,1000
32,61,2025-10-17,2025-10-17 14:56:03,002811.SZ,S,13.720,500
33,61,2025-10-17,2025-10-17 14:55:55,300110.SZ,B,3.240,100
34,61,2025-10-17,2025-10-17 14:55:54,601279.SH,S,4.270,1200
35,63,2025-10-17,2025-10-17 14:55:54,601279.SH,S,4.270,800
36,61,2025-10-17,2025-10-17 14:55:53,601279.SH,S,4.270,100
37,58,2025-10-17,2025-10-17 14:55:09,300363.SZ,B,24.020,300
38,58,2025-10-17,2025-10-17 14:55:09,002811.SZ,S,13.710,400
39,61,2025-10-17,2025-10-17 14:54:38,300843.SZ,B,47.430,100
40,63,2025-10-17,2025-10-17 14:54:34,002629.SZ,S,7.990,1200
41,61,2025-10-17,2025-10-17 14:54:33,300830.SZ,B,10.270,300
42,61,2025-10-17,2025-10-17 14:54:27,601900.SH,B,13.190,100
43,61,2025-10-17,2025-10-17 14:54:22,002631.SZ,S,5.480,1400
44,61,2025-10-17,2025-10-17 14:54:10,002638.SZ,B,2.660,100
45,58,2025-10-17,2025-10-17 14:53:37,601618.SH,B,3.700,200
46,63,2025-10-17,2025-10-17 14:53:07,600584.SH,B,39.490,500
47,63,2025-10-17,2025-10-17 14:53:05,000426.SZ,B,32.460,400
48,58,2025-10-17,2025-10-17 14:52:59,300444.SZ,B,8.480,400
49,61,2025-10-17,2025-10-17 14:52:55,002146.SZ,B,1.550,100
50,61,2025-10-17,2025-10-17 14:52:55,002617.SZ,B,8.220,100
51,63,2025-10-17,2025-10-17 14:52:52,601012.SH,B,19.580,800
52,63,2025-10-17,2025-10-17 14:52:46,000426.SZ,B,32.460,100
53,59,2025-10-17,2025-10-17 14:52:36,300421.SZ,B,18.890,600
54,63,2025-10-17,2025-10-17 14:52:36,300421.SZ,B,18.890,300
55,61,2025-10-17,2025-10-17 14:52:34,603829.SH,B,18.870,100
56,63,2025-10-17,2025-10-17 14:52:30,601288.SH,S,7.600,1000
57,58,2025-10-17,2025-10-17 14:52:30,300499.SZ,B,28.330,200
58,58,2025-10-17,2025-10-17 14:52:29,300499.SZ,B,28.330,100
59,63,2025-10-17,2025-10-17 14:52:29,300450.SZ,B,52.240,300
60,63,2025-10-17,2025-10-17 14:52:27,000426.SZ,B,32.450,100
61,63,2025-10-17,2025-10-17 14:52:27,000426.SZ,B,32.460,100
62,58,2025-10-17,2025-10-17 14:52:25,300602.SZ,B,30.950,300
63,58,2025-10-17,2025-10-17 14:52:25,300438.SZ,B,33.560,700
64,61,2025-10-17,2025-10-17 14:52:23,300019.SZ,B,20.450,100
65,58,2025-10-17,2025-10-17 14:52:23,300438.SZ,B,33.560,100
66,61,2025-10-17,2025-10-17 14:52:21,002239.SZ,B,3.060,100
67,61,2025-10-17,2025-10-17 14:52:20,600638.SH,S,6.150,1000
68,63,2025-10-17,2025-10-17 14:52:20,600362.SH,B,37.110,100
69,59,2025-10-17,2025-10-17 14:52:17,300438.SZ,B,33.550,300
70,58,2025-10-17,2025-10-17 14:52:14,300602.SZ,B,30.940,200
71,58,2025-10-17,2025-10-17 14:52:14,300602.SZ,B,30.940,400
72,58,2025-10-17,2025-10-17 14:52:14,601121.SH,S,7.100,900
73,61,2025-10-17,2025-10-17 14:52:11,000892.SZ,B,5.690,100
74,58,2025-10-17,2025-10-17 14:52:12,300602.SZ,B,30.940,300
75,59,2025-10-17,2025-10-17 14:52:10,605189.SH,S,17.630,600
76,63,2025-10-17,2025-10-17 14:52:10,605189.SH,S,17.630,600
77,61,2025-10-17,2025-10-17 14:52:03,601600.SH,B,8.460,100
78,63,2025-10-17,2025-10-17 14:52:02,601929.SH,B,3.490,6500
79,61,2025-10-17,2025-10-17 14:52:02,601226.SH,B,7.190,100
80,58,2025-10-17,2025-10-17 14:52:00,605189.SH,S,17.600,1400
81,58,2025-10-17,2025-10-17 14:51:56,605189.SH,S,17.600,100
82,63,2025-10-17,2025-10-17 14:51:56,601009.SH,B,11.660,500
83,58,2025-10-17,2025-10-17 14:51:55,605189.SH,S,17.600,100
84,58,2025-10-17,2025-10-17 14:51:50,300421.SZ,B,18.910,400
85,58,2025-10-17,2025-10-17 14:51:48,301511.SZ,B,29.040,200
86,58,2025-10-17,2025-10-17 14:51:41,002662.SZ,S,3.660,300
87,58,2025-10-17,2025-10-17 14:51:38,603810.SH,S,16.820,200
88,58,2025-10-17,2025-10-17 14:51:38,603810.SH,S,16.820,400
89,61,2025-10-17,2025-10-17 14:51:35,301257.SZ,B,42.970,100
90,61,2025-10-17,2025-10-17 14:51:33,600684.SH,B,5.670,100
91,61,2025-10-17,2025-10-17 14:51:33,000810.SZ,B,12.900,100
92,58,2025-10-17,2025-10-17 14:51:28,000600.SZ,S,9.350,100
93,61,2025-10-17,2025-10-17 14:51:27,603216.SH,B,16.130,100
94,59,2025-10-17,2025-10-17 14:51:24,600667.SH,B,7.850,2900
95,58,2025-10-17,2025-10-17 14:51:23,002269.SZ,B,2.270,200
96,61,2025-10-17,2025-10-17 14:51:22,002735.SZ,B,15.830,100
97,58,2025-10-17,2025-10-17 14:51:19,002276.SZ,B,16.850,200
98,59,2025-10-17,2025-10-17 14:51:17,002550.SZ,S,9.090,100
99,61,2025-10-17,2025-10-17 14:51:13,002378.SZ,B,11.510,100
100,61,2025-10-17,2025-10-17 14:51:12,600425.SH,S,4.670,100
101,61,2025-10-17,2025-10-17 14:51:10,002550.SZ,S,9.100,300
102,52,2025-10-17,2025-10-17 14:51:03,002550.SZ,S,9.100,100
103,58,2025-10-17,2025-10-17 14:51:09,600022.SH,S,1.600,8600
104,52,2025-10-17,2025-10-17 14:50:43,600022.SH,S,1.600,3100
105,58,2025-10-17,2025-10-17 14:51:08,002317.SZ,S,17.370,100
106,58,2025-10-17,2025-10-17 14:51:05,601968.SH,B,5.280,200
107,61,2025-10-17,2025-10-17 14:51:04,603725.SH,S,10.400,500
108,58,2025-10-17,2025-10-17 14:51:02,603725.SH,S,10.400,200
109,58,2025-10-17,2025-10-17 14:51:02,603725.SH,S,10.400,100
110,58,2025-10-17,2025-10-17 14:51:02,603725.SH,S,10.400,200
111,58,2025-10-17,2025-10-17 14:50:59,002276.SZ,B,16.870,100
112,58,2025-10-17,2025-10-17 14:50:59,002195.SZ,B,7.010,6100
113,58,2025-10-17,2025-10-17 14:50:59,002276.SZ,B,16.870,1500
114,59,2025-10-17,2025-10-17 14:50:55,002317.SZ,S,17.370,100
115,61,2025-10-17,2025-10-17 14:50:55,002317.SZ,S,17.370,100
116,59,2025-10-17,2025-10-17 14:50:54,603118.SH,B,11.070,400
117,61,2025-10-17,2025-10-17 14:50:54,603118.SH,B,11.070,300
118,61,2025-10-17,2025-10-17 14:50:53,600169.SH,B,2.580,100
119,63,2025-10-17,2025-10-17 14:50:44,003816.SZ,S,3.950,100
120,61,2025-10-17,2025-10-17 14:50:32,605155.SH,B,15.130,100
121,58,2025-10-17,2025-10-17 14:50:30,601279.SH,S,4.260,3700
122,61,2025-10-17,2025-10-17 14:50:28,600658.SH,B,5.370,100
123,61,2025-10-17,2025-10-17 14:50:28,002063.SZ,B,6.220,100
124,59,2025-10-17,2025-10-17 14:50:22,600119.SH,S,8.510,100
125,61,2025-10-17,2025-10-17 14:50:23,000875.SZ,B,5.840,100
126,61,2025-10-17,2025-10-17 14:50:22,600119.SH,S,8.510,300
127,52,2025-10-17,2025-10-17 14:50:21,600119.SH,S,8.510,100
128,61,2025-10-17,2025-10-17 14:50:22,301397.SZ,B,35.500,100
129,61,2025-10-17,2025-10-17 14:50:21,603118.SH,B,11.080,300
130,61,2025-10-17,2025-10-17 14:50:21,301171.SZ,B,28.770,100
131,58,2025-10-17,2025-10-17 14:50:19,002276.SZ,B,16.910,200
132,61,2025-10-17,2025-10-17 14:50:19,002811.SZ,S,13.740,200
133,61,2025-10-17,2025-10-17 14:50:18,301171.SZ,B,28.770,200
134,58,2025-10-17,2025-10-17 14:50:16,002276.SZ,B,16.910,200
135,61,2025-10-17,2025-10-17 14:50:11,000090.SZ,B,3.710,100
136,61,2025-10-17,2025-10-17 14:50:10,300357.SZ,B,29.940,100
137,61,2025-10-17,2025-10-17 14:50:09,000901.SZ,B,16.250,100
138,58,2025-10-17,2025-10-17 14:50:09,002811.SZ,S,13.720,400
139,59,2025-10-17,2025-10-17 14:50:08,600022.SH,S,1.600,2800
140,63,2025-10-17,2025-10-17 14:50:08,300432.SZ,B,17.770,300
141,61,2025-10-17,2025-10-17 14:50:08,600022.SH,S,1.600,3610
142,61,2025-10-17,2025-10-17 14:50:08,600022.SH,S,1.600,3890
143,61,2025-10-17,2025-10-17 14:50:08,002053.SZ,B,12.110,100
144,61,2025-10-17,2025-10-17 14:50:07,300444.SZ,B,8.470,500
145,61,2025-10-17,2025-10-17 14:50:06,600166.SH,B,2.650,100
146,61,2025-10-17,2025-10-17 14:50:05,300444.SZ,B,8.470,100
147,61,2025-10-17,2025-10-17 14:50:04,002745.SZ,B,8.490,100
148,61,2025-10-17,2025-10-17 14:50:02,300827.SZ,B,29.100,100
149,61,2025-10-17,2025-10-17 14:50:01,601121.SH,S,7.120,1500
150,59,2025-10-17,2025-10-17 14:50:01,601121.SH,S,7.120,900
151,61,2025-10-17,2025-10-17 14:50:00,600251.SH,B,8.770,100
152,58,2025-10-17,2025-10-17 14:49:58,002550.SZ,S,9.100,300
153,61,2025-10-17,2025-10-17 14:49:50,002515.SZ,B,6.420,100
154,61,2025-10-17,2025-10-17 14:49:47,603889.SH,S,7.620,400
155,58,2025-10-17,2025-10-17 14:49:46,002276.SZ,B,16.910,200
156,63,2025-10-17,2025-10-17 14:49:43,601169.SH,S,5.730,4200
157,59,2025-10-17,2025-10-17 14:49:43,002276.SZ,B,16.910,400
158,61,2025-10-17,2025-10-17 14:49:42,002276.SZ,B,16.910,600
159,61,2025-10-17,2025-10-17 14:49:42,002276.SZ,B,16.910,200
160,63,2025-10-17,2025-10-17 14:49:42,002276.SZ,B,16.910,100
161,63,2025-10-17,2025-10-17 14:49:39,000426.SZ,B,32.410,100
162,61,2025-10-17,2025-10-17 14:49:37,603601.SH,B,4.730,100
163,61,2025-10-17,2025-10-17 14:49:33,600239.SH,B,2.510,300
164,63,2025-10-17,2025-10-17 14:49:34,002335.SZ,B,60.680,100
165,63,2025-10-17,2025-10-17 14:49:33,002772.SZ,S,10.020,1600
166,61,2025-10-17,2025-10-17 14:49:32,600577.SH,B,9.500,100
167,63,2025-10-17,2025-10-17 14:49:31,600989.SH,B,16.900,300
168,63,2025-10-17,2025-10-17 14:49:30,000035.SZ,S,5.890,600
169,58,2025-10-17,2025-10-17 14:49:29,601089.SH,S,23.330,200
170,58,2025-10-17,2025-10-17 14:49:29,601089.SH,S,23.330,200
171,58,2025-10-17,2025-10-17 14:49:29,601089.SH,S,23.330,300
172,52,2025-10-17,2025-10-17 14:49:27,601089.SH,S,23.330,100
173,58,2025-10-17,2025-10-17 14:49:27,300421.SZ,B,18.930,100
174,58,2025-10-17,2025-10-17 14:49:27,300421.SZ,B,18.930,100
175,59,2025-10-17,2025-10-17 14:49:24,601089.SH,S,23.330,200
176,61,2025-10-17,2025-10-17 14:49:24,601089.SH,S,23.330,400
177,61,2025-10-17,2025-10-17 14:49:24,601089.SH,S,23.330,100
178,61,2025-10-17,2025-10-17 14:49:24,601121.SH,S,7.110,700
179,52,2025-10-17,2025-10-17 14:49:23,601121.SH,S,7.110,700
180,61,2025-10-17,2025-10-17 14:49:23,002782.SZ,B,16.840,1000
181,59,2025-10-17,2025-10-17 14:49:18,300421.SZ,B,18.930,500
182,59,2025-10-17,2025-10-17 14:49:18,300421.SZ,B,18.930,200
183,63,2025-10-17,2025-10-17 14:49:18,300421.SZ,B,18.930,100
184,63,2025-10-17,2025-10-17 14:49:18,300421.SZ,B,18.930,400
185,61,2025-10-17,2025-10-17 14:49:18,300421.SZ,B,18.930,400
186,52,2025-10-17,2025-10-17 14:47:51,002701.SZ,S,6.300,100
187,52,2025-10-17,2025-10-17 14:49:15,601777.SH,S,11.370,100
188,52,2025-10-17,2025-10-17 14:49:15,000833.SZ,S,14.360,100
189,61,2025-10-17,2025-10-17 14:49:10,300438.SZ,B,33.550,200
190,61,2025-10-17,2025-10-17 14:49:11,600337.SH,B,2.200,100
191,61,2025-10-17,2025-10-17 14:49:10,300438.SZ,B,33.550,300
192,61,2025-10-17,2025-10-17 14:49:09,000598.SZ,S,6.900,67
193,61,2025-10-17,2025-10-17 14:49:09,000598.SZ,S,6.900,33
194,58,2025-10-17,2025-10-17 14:49:09,603725.SH,S,10.410,300
195,58,2025-10-17,2025-10-17 14:49:08,000911.SZ,S,7.450,700
196,61,2025-10-17,2025-10-17 14:49:05,601975.SH,B,3.150,100
197,61,2025-10-17,2025-10-17 14:49:02,000751.SZ,B,3.940,100
198,63,2025-10-17,2025-10-17 14:49:01,600362.SH,B,37.120,100
199,61,2025-10-17,2025-10-17 14:48:56,600362.SH,B,37.120,300
200,63,2025-10-17,2025-10-17 14:48:53,601238.SH,S,7.720,600
201,58,2025-10-17,2025-10-17 14:48:47,603758.SH,S,14.430,100
202,59,2025-10-17,2025-10-17 14:48:45,600846.SH,S,13.850,100
203,61,2025-10-17,2025-10-17 14:48:46,601777.SH,S,11.380,300
204,61,2025-10-17,2025-10-17 14:48:45,600846.SH,S,13.850,200
205,52,2025-10-17,2025-10-17 14:48:45,600846.SH,S,13.850,100
206,61,2025-10-17,2025-10-17 14:48:45,002255.SZ,B,8.420,100
207,59,2025-10-17,2025-10-17 14:48:43,603758.SH,S,14.430,100
208,61,2025-10-17,2025-10-17 14:48:43,603758.SH,S,14.430,200
209,52,2025-10-17,2025-10-17 14:48:43,002317.SZ,S,17.370,100
210,58,2025-10-17,2025-10-17 14:48:42,600846.SH,S,13.850,200
211,58,2025-10-17,2025-10-17 14:48:43,300185.SZ,B,2.930,200
212,63,2025-10-17,2025-10-17 14:48:37,300450.SZ,B,52.280,500
213,52,2025-10-17,2025-10-17 14:47:51,600638.SH,S,6.170,700
214,61,2025-10-17,2025-10-17 14:48:36,300475.SZ,B,101.220,100
215,58,2025-10-17,2025-10-17 14:48:37,001222.SZ,S,24.400,100
216,61,2025-10-17,2025-10-17 14:48:33,600180.SH,S,4.630,300
217,59,2025-10-17,2025-10-17 14:48:33,600180.SH,S,4.630,100
218,52,2025-10-17,2025-10-17 14:48:24,600180.SH,S,4.630,100
219,61,2025-10-17,2025-10-17 14:48:33,000600.SZ,S,9.350,200
220,63,2025-10-17,2025-10-17 14:48:32,601728.SH,S,6.930,100
221,52,2025-10-17,2025-10-17 14:48:31,002811.SZ,S,13.750,200
222,58,2025-10-17,2025-10-17 14:48:27,600119.SH,S,8.500,200
223,61,2025-10-17,2025-10-17 14:48:23,001222.SZ,S,24.400,100
224,52,2025-10-17,2025-10-17 14:48:16,601238.SH,S,7.730,400
225,63,2025-10-17,2025-10-17 14:48:20,600895.SH,B,43.640,300
226,52,2025-10-17,2025-10-17 14:47:45,600540.SH,S,4.760,100
227,58,2025-10-17,2025-10-17 14:48:18,002303.SZ,B,4.320,200
228,63,2025-10-17,2025-10-17 14:48:17,600406.SH,S,23.070,500
229,58,2025-10-17,2025-10-17 14:48:17,601777.SH,S,11.370,100
230,58,2025-10-17,2025-10-17 14:48:17,601777.SH,S,11.370,200
231,52,2025-10-17,2025-10-17 14:48:16,002532.SZ,S,11.870,200
232,63,2025-10-17,2025-10-17 14:48:11,000571.SZ,S,5.770,412
233,63,2025-10-17,2025-10-17 14:48:11,000571.SZ,S,5.770,100
234,63,2025-10-17,2025-10-17 14:48:11,000571.SZ,S,5.770,688
235,58,2025-10-17,2025-10-17 14:48:09,600180.SH,S,4.630,300
236,59,2025-10-17,2025-10-17 14:48:08,688221.SH,S,14.610,236
237,61,2025-10-17,2025-10-17 14:48:09,600844.SH,B,2.930,100
238,61,2025-10-17,2025-10-17 14:48:08,688221.SH,S,14.610,493
239,61,2025-10-17,2025-10-17 14:48:08,605189.SH,S,17.540,1400
240,58,2025-10-17,2025-10-17 14:48:08,601992.SH,S,1.730,1200
241,59,2025-10-17,2025-10-17 14:48:06,000911.SZ,S,7.460,500
242,61,2025-10-17,2025-10-17 14:48:06,300438.SZ,B,33.580,200
243,61,2025-10-17,2025-10-17 14:48:04,002307.SZ,B,4.910,100
244,59,2025-10-17,2025-10-17 14:48:03,300438.SZ,B,33.580,100
245,59,2025-10-17,2025-10-17 14:48:02,300438.SZ,B,33.580,100
246,61,2025-10-17,2025-10-17 14:48:02,300602.SZ,B,31.010,200
247,63,2025-10-17,2025-10-17 14:48:01,002631.SZ,S,5.500,1100
248,61,2025-10-17,2025-10-17 14:48:01,002631.SZ,S,5.500,2300
249,61,2025-10-17,2025-10-17 14:48:01,300602.SZ,B,31.020,100
250,59,2025-10-17,2025-10-17 14:48:00,000911.SZ,S,7.460,100
251,61,2025-10-17,2025-10-17 14:48:00,000911.SZ,S,7.460,300
252,61,2025-10-17,2025-10-17 14:48:00,000911.SZ,S,7.460,500
253,61,2025-10-17,2025-10-17 14:48:00,000911.SZ,S,7.460,200
254,61,2025-10-17,2025-10-17 14:47:59,300602.SZ,B,31.010,200
255,61,2025-10-17,2025-10-17 14:47:58,300602.SZ,B,31.010,200
256,61,2025-10-17,2025-10-17 14:47:58,300602.SZ,B,31.010,100
257,61,2025-10-17,2025-10-17 14:47:57,000009.SZ,B,10.800,100
258,59,2025-10-17,2025-10-17 14:47:54,603889.SH,S,7.630,200
259,58,2025-10-17,2025-10-17 14:47:52,300438.SZ,B,33.600,1000
260,61,2025-10-17,2025-10-17 14:47:48,600256.SH,S,5.250,100
261,63,2025-10-17,2025-10-17 14:47:47,601816.SH,S,5.160,100
262,61,2025-10-17,2025-10-17 14:47:47,001258.SZ,B,7.310,100
263,63,2025-10-17,2025-10-17 14:47:45,603269.SH,S,13.500,900
264,59,2025-10-17,2025-10-17 14:47:44,002811.SZ,S,13.770,200
265,59,2025-10-17,2025-10-17 14:47:43,601279.SH,S,4.260,1300
266,63,2025-10-17,2025-10-17 14:47:43,601279.SH,S,4.260,1200
267,63,2025-10-17,2025-10-17 14:47:43,300593.SZ,B,18.640,100
268,61,2025-10-17,2025-10-17 14:47:43,601279.SH,S,4.260,2100
269,52,2025-10-17,2025-10-17 14:47:43,601279.SH,S,4.260,500
270,52,2025-10-17,2025-10-17 14:47:43,601279.SH,S,4.260,700
271,61,2025-10-17,2025-10-17 14:47:43,002162.SZ,B,4.210,100
272,59,2025-10-17,2025-10-17 14:47:40,002631.SZ,S,5.500,1078
273,59,2025-10-17,2025-10-17 14:47:38,002631.SZ,S,5.500,100
274,61,2025-10-17,2025-10-17 14:47:37,600620.SH,B,6.110,100
275,58,2025-10-17,2025-10-17 14:47:37,600638.SH,S,6.170,2100
276,59,2025-10-17,2025-10-17 14:47:36,002631.SZ,S,5.500,100
277,59,2025-10-17,2025-10-17 14:47:32,002631.SZ,S,5.500,122
278,58,2025-10-17,2025-10-17 14:47:31,603077.SH,S,2.160,300
279,61,2025-10-17,2025-10-17 14:47:30,002195.SZ,B,7.020,600
280,63,2025-10-17,2025-10-17 14:47:28,601618.SH,S,3.710,100
281,58,2025-10-17,2025-10-17 14:47:28,000833.SZ,S,14.380,300
282,59,2025-10-17,2025-10-17 14:47:28,600638.SH,S,6.170,1000
283,61,2025-10-17,2025-10-17 14:47:28,600638.SH,S,6.170,1700
284,61,2025-10-17,2025-10-17 14:47:27,000833.SZ,S,14.380,300
285,58,2025-10-17,2025-10-17 14:47:25,688221.SH,S,14.610,100
286,58,2025-10-17,2025-10-17 14:47:24,688221.SH,S,14.610,200
287,58,2025-10-17,2025-10-17 14:47:24,688221.SH,S,14.610,131
288,61,2025-10-17,2025-10-17 14:47:22,002583.SZ,S,10.960,100
289,58,2025-10-17,2025-10-17 14:47:22,002638.SZ,S,2.670,100
290,58,2025-10-17,2025-10-17 14:47:22,002638.SZ,S,2.670,200
291,61,2025-10-17,2025-10-17 14:47:19,601618.SH,B,3.710,100
292,58,2025-10-17,2025-10-17 14:47:18,002631.SZ,S,5.500,378
293,58,2025-10-17,2025-10-17 14:47:18,002631.SZ,S,5.500,600
294,58,2025-10-17,2025-10-17 14:47:18,002631.SZ,S,5.500,700
295,58,2025-10-17,2025-10-17 14:47:18,002631.SZ,S,5.500,600
296,58,2025-10-17,2025-10-17 14:47:18,002631.SZ,S,5.500,600
297,58,2025-10-17,2025-10-17 14:47:18,002701.SZ,S,6.300,300
298,58,2025-10-17,2025-10-17 14:47:18,002631.SZ,S,5.500,22
299,61,2025-10-17,2025-10-17 14:47:18,000690.SZ,B,4.670,100
300,58,2025-10-17,2025-10-17 14:47:17,002431.SZ,S,2.370,1800
301,58,2025-10-17,2025-10-17 14:47:17,601121.SH,S,7.130,1500
302,61,2025-10-17,2025-10-17 14:47:16,300328.SZ,S,14.640,100
303,58,2025-10-17,2025-10-17 14:47:15,601727.SH,S,9.170,100
304,58,2025-10-17,2025-10-17 14:47:15,601727.SH,S,9.170,200
305,58,2025-10-17,2025-10-17 14:47:15,601727.SH,S,9.170,100
306,63,2025-10-17,2025-10-17 14:47:14,601615.SH,S,15.310,200
307,58,2025-10-17,2025-10-17 14:47:14,600540.SH,S,4.760,200
308,58,2025-10-17,2025-10-17 14:47:14,300328.SZ,S,14.640,100
309,58,2025-10-17,2025-10-17 14:47:13,301511.SZ,B,29.060,100
310,52,2025-10-17,2025-10-17 14:47:12,002748.SZ,S,10.320,500
311,63,2025-10-17,2025-10-17 14:47:13,300499.SZ,B,28.220,300
312,61,2025-10-17,2025-10-17 14:47:12,002748.SZ,S,10.320,100
313,61,2025-10-17,2025-10-17 14:47:12,002748.SZ,S,10.320,600
314,61,2025-10-17,2025-10-17 14:47:12,002748.SZ,S,10.320,300
315,59,2025-10-17,2025-10-17 14:47:11,002748.SZ,S,10.320,500
316,58,2025-10-17,2025-10-17 14:47:11,301511.SZ,B,29.060,200
317,61,2025-10-17,2025-10-17 14:47:09,605507.SH,S,22.500,100
318,52,2025-10-17,2025-10-17 14:47:08,601615.SH,S,15.310,100
319,61,2025-10-17,2025-10-17 14:47:07,002361.SZ,B,6.480,100
320,63,2025-10-17,2025-10-17 14:47:07,603993.SH,B,15.040,100
321,58,2025-10-17,2025-10-17 14:47:03,300363.SZ,B,24.010,100
322,58,2025-10-17,2025-10-17 14:47:03,300363.SZ,B,24.010,200
323,58,2025-10-17,2025-10-17 14:47:03,300363.SZ,B,24.010,200
324,63,2025-10-17,2025-10-17 14:46:58,300684.SZ,B,41.250,100
325,61,2025-10-17,2025-10-17 14:46:57,002256.SZ,B,2.930,100
326,63,2025-10-17,2025-10-17 14:46:57,600066.SH,B,28.960,100
327,63,2025-10-17,2025-10-17 14:46:56,600362.SH,B,37.200,300
328,61,2025-10-17,2025-10-17 14:46:55,002772.SZ,S,10.030,100
329,52,2025-10-17,2025-10-17 14:46:54,002772.SZ,S,10.030,100
330,63,2025-10-17,2025-10-17 14:46:51,600760.SH,B,64.560,100
331,63,2025-10-17,2025-10-17 14:46:49,300418.SZ,B,40.700,100
332,61,2025-10-17,2025-10-17 14:46:49,603617.SH,B,7.410,100
333,58,2025-10-17,2025-10-17 14:46:48,000911.SZ,S,7.460,1100
334,52,2025-10-17,2025-10-17 14:46:19,000911.SZ,S,7.460,800
335,61,2025-10-17,2025-10-17 14:46:45,300792.SZ,B,32.630,100
336,52,2025-10-17,2025-10-17 14:46:19,002195.SZ,S,7.030,400
337,58,2025-10-17,2025-10-17 14:46:45,603889.SH,S,7.640,500
338,52,2025-10-17,2025-10-17 14:46:19,603889.SH,S,7.640,300
339,63,2025-10-17,2025-10-17 14:46:43,601238.SH,S,7.730,700
340,63,2025-10-17,2025-10-17 14:46:39,688223.SH,S,5.520,102
341,63,2025-10-17,2025-10-17 14:46:39,688223.SH,S,5.520,98
342,52,2025-10-17,2025-10-17 14:46:36,002583.SZ,S,10.970,100
343,59,2025-10-17,2025-10-17 14:46:36,601777.SH,S,11.390,100
344,63,2025-10-17,2025-10-17 14:46:34,300055.SZ,S,6.970,1300
345,58,2025-10-17,2025-10-17 14:46:34,300499.SZ,B,28.210,500
346,63,2025-10-17,2025-10-17 14:46:33,601288.SH,S,7.600,1800
347,63,2025-10-17,2025-10-17 14:46:33,002558.SZ,B,38.390,100
348,63,2025-10-17,2025-10-17 14:46:29,002772.SZ,S,10.030,100
349,58,2025-10-17,2025-10-17 14:46:28,002748.SZ,S,10.320,1300
350,63,2025-10-17,2025-10-17 14:46:27,000819.SZ,S,17.730,47
351,63,2025-10-17,2025-10-17 14:46:27,000819.SZ,S,17.730,200
352,63,2025-10-17,2025-10-17 14:46:27,000819.SZ,S,17.730,500
353,63,2025-10-17,2025-10-17 14:46:28,002772.SZ,S,10.030,200
354,63,2025-10-17,2025-10-17 14:46:27,000819.SZ,S,17.740,53
355,63,2025-10-17,2025-10-17 14:46:26,002545.SZ,S,14.030,100
356,61,2025-10-17,2025-10-17 14:46:26,002696.SZ,S,6.490,100
357,61,2025-10-17,2025-10-17 14:46:25,600609.SH,B,4.640,100
358,59,2025-10-17,2025-10-17 14:46:25,300444.SZ,B,8.490,900
359,61,2025-10-17,2025-10-17 14:46:25,300444.SZ,B,8.490,400
360,52,2025-10-17,2025-10-17 14:46:19,300444.SZ,B,8.490,900
361,58,2025-10-17,2025-10-17 14:46:24,002249.SZ,S,10.180,200
362,52,2025-10-17,2025-10-17 14:46:19,601727.SH,S,9.170,300
363,63,2025-10-17,2025-10-17 14:46:24,300602.SZ,B,31.020,100
364,61,2025-10-17,2025-10-17 14:46:22,002696.SZ,S,6.490,200
365,63,2025-10-17,2025-10-17 14:46:22,002772.SZ,S,10.030,400
366,58,2025-10-17,2025-10-17 14:46:21,603725.SH,S,10.430,300
367,63,2025-10-17,2025-10-17 14:46:21,002772.SZ,S,10.030,300
368,52,2025-10-17,2025-10-17 14:46:19,603810.SH,S,16.800,100
369,52,2025-10-17,2025-10-17 14:46:19,600691.SH,S,2.870,200
370,52,2025-10-17,2025-10-17 14:46:19,002431.SZ,S,2.370,400
371,52,2025-10-17,2025-10-17 14:46:19,002631.SZ,S,5.500,1300
372,63,2025-10-17,2025-10-17 14:46:20,002629.SZ,S,8.010,1200
373,61,2025-10-17,2025-10-17 14:46:19,600335.SH,B,5.980,100
374,58,2025-10-17,2025-10-17 14:46:18,600691.SH,S,2.870,800
375,58,2025-10-17,2025-10-17 14:46:18,002696.SZ,S,6.490,200
376,61,2025-10-17,2025-10-17 14:46:17,600540.SH,S,4.760,200
377,61,2025-10-17,2025-10-17 14:46:17,600691.SH,S,2.870,700
378,61,2025-10-17,2025-10-17 14:46:17,601992.SH,S,1.730,800
379,61,2025-10-17,2025-10-17 14:46:17,603810.SH,S,16.790,300
380,61,2025-10-17,2025-10-17 14:46:17,601727.SH,S,9.160,100
381,61,2025-10-17,2025-10-17 14:46:17,002431.SZ,S,2.370,1600
382,63,2025-10-17,2025-10-17 14:46:15,002629.SZ,S,8.010,600
383,59,2025-10-17,2025-10-17 14:46:14,600691.SH,S,2.870,200
384,59,2025-10-17,2025-10-17 14:46:14,600540.SH,S,4.760,100
385,59,2025-10-17,2025-10-17 14:46:14,603810.SH,S,16.790,200
386,59,2025-10-17,2025-10-17 14:46:14,601992.SH,S,1.730,300
387,59,2025-10-17,2025-10-17 14:46:14,002431.SZ,S,2.370,600
388,59,2025-10-17,2025-10-17 14:46:14,000833.SZ,S,14.390,100
389,63,2025-10-17,2025-10-17 14:46:15,002629.SZ,S,8.010,200
390,63,2025-10-17,2025-10-17 14:46:14,601727.SH,S,9.160,300
391,63,2025-10-17,2025-10-17 14:46:14,601727.SH,S,9.160,400
392,63,2025-10-17,2025-10-17 14:46:14,000833.SZ,S,14.390,100
393,63,2025-10-17,2025-10-17 14:46:14,601018.SH,S,3.790,100
394,63,2025-10-17,2025-10-17 14:46:14,002701.SZ,S,6.300,500
395,63,2025-10-17,2025-10-17 14:46:14,002701.SZ,S,6.300,1800
396,63,2025-10-17,2025-10-17 14:46:14,000833.SZ,S,14.390,100
397,63,2025-10-17,2025-10-17 14:46:14,000685.SZ,S,12.680,100
398,63,2025-10-17,2025-10-17 14:46:14,002645.SZ,S,15.030,200
399,58,2025-10-17,2025-10-17 14:43:57,601992.SH,B,1.740,500
400,61,2025-10-17,2025-10-17 14:43:53,300110.SZ,S,3.230,100
401,63,2025-10-17,2025-10-17 14:43:39,601916.SH,S,3.070,100
402,58,2025-10-17,2025-10-17 14:43:07,601975.SH,S,3.150,400
403,58,2025-10-17,2025-10-17 14:43:07,002701.SZ,B,6.310,500
404,52,2025-10-17,2025-10-17 14:43:07,601618.SH,S,3.700,700
405,63,2025-10-17,2025-10-17 14:43:07,601618.SH,S,3.700,100
406,58,2025-10-17,2025-10-17 14:42:44,603077.SH,B,2.170,500
407,61,2025-10-17,2025-10-17 14:40:48,688596.SH,B,41.610,200
408,58,2025-10-17,2025-10-17 14:40:45,002836.SZ,S,10.350,400
409,61,2025-10-17,2025-10-17 14:40:45,002836.SZ,S,10.350,300
410,63,2025-10-17,2025-10-17 14:40:41,601390.SH,S,5.660,100
411,58,2025-10-17,2025-10-17 14:40:21,600362.SH,B,37.090,100
412,61,2025-10-17,2025-10-17 14:40:12,001330.SZ,S,5.540,300
413,61,2025-10-17,2025-10-17 14:39:07,000718.SZ,S,2.640,100
414,58,2025-10-17,2025-10-17 14:38:55,000600.SZ,S,9.370,200
415,58,2025-10-17,2025-10-17 14:38:45,002317.SZ,S,17.390,100
416,52,2025-10-17,2025-10-17 14:38:33,300541.SZ,S,16.020,200
417,58,2025-10-17,2025-10-17 14:38:17,000035.SZ,S,5.910,100
418,61,2025-10-17,2025-10-17 14:38:16,002317.SZ,S,17.400,100
419,63,2025-10-17,2025-10-17 14:38:15,601169.SH,B,5.730,5200
420,52,2025-10-17,2025-10-17 14:37:48,603980.SH,S,5.410,100
421,61,2025-10-17,2025-10-17 14:37:30,600509.SH,B,8.490,1000
422,63,2025-10-17,2025-10-17 14:37:27,600000.SH,S,13.220,100
423,61,2025-10-17,2025-10-17 14:37:23,300521.SZ,S,26.960,200
424,61,2025-10-17,2025-10-17 14:37:21,600577.SH,S,9.520,100
425,59,2025-10-17,2025-10-17 14:37:19,300593.SZ,S,18.730,200
426,61,2025-10-17,2025-10-17 14:37:19,300593.SZ,S,18.730,100
427,61,2025-10-17,2025-10-17 14:37:10,300421.SZ,S,18.980,100
428,61,2025-10-17,2025-10-17 14:37:05,600022.SH,B,1.600,200
429,58,2025-10-17,2025-10-17 14:36:55,300593.SZ,S,18.720,100
430,58,2025-10-17,2025-10-17 14:36:55,300593.SZ,S,18.720,300
431,58,2025-10-17,2025-10-17 14:36:48,603980.SH,S,5.400,300
432,61,2025-10-17,2025-10-17 14:36:44,002782.SZ,B,16.920,100
433,61,2025-10-17,2025-10-17 14:36:43,002782.SZ,B,16.920,200
434,61,2025-10-17,2025-10-17 14:36:43,002782.SZ,B,16.920,100
435,61,2025-10-17,2025-10-17 14:36:43,002782.SZ,B,16.920,200
436,61,2025-10-17,2025-10-17 14:36:38,600894.SH,S,9.940,100
437,61,2025-10-17,2025-10-17 14:36:36,600495.SH,S,4.960,100
438,61,2025-10-17,2025-10-17 14:36:31,603980.SH,S,5.390,200
439,58,2025-10-17,2025-10-17 14:36:24,600362.SH,B,37.070,100
440,58,2025-10-17,2025-10-17 14:36:24,600362.SH,B,37.070,100
441,63,2025-10-17,2025-10-17 14:36:17,000959.SZ,S,4.080,100
442,58,2025-10-17,2025-10-17 14:36:13,002772.SZ,S,10.030,400
443,61,2025-10-17,2025-10-17 14:36:13,600335.SH,S,5.980,100
444,58,2025-10-17,2025-10-17 14:35:53,002836.SZ,S,10.360,500
445,58,2025-10-17,2025-10-17 14:35:50,002249.SZ,B,10.150,500
446,63,2025-10-17,2025-10-17 14:35:48,002629.SZ,S,8.010,100
447,58,2025-10-17,2025-10-17 14:35:48,600022.SH,B,1.600,500
448,63,2025-10-17,2025-10-17 14:35:46,601868.SH,S,2.450,100
449,61,2025-10-17,2025-10-17 14:35:42,001222.SZ,S,24.400,100
450,63,2025-10-17,2025-10-17 14:35:39,000056.SZ,S,2.320,100
451,59,2025-10-17,2025-10-17 14:35:28,300575.SZ,S,6.370,200
452,61,2025-10-17,2025-10-17 14:35:28,300575.SZ,S,6.370,600
453,58,2025-10-17,2025-10-17 14:35:06,002140.SZ,B,11.840,500
454,59,2025-10-17,2025-10-17 14:34:37,300684.SZ,B,41.240,200
455,61,2025-10-17,2025-10-17 14:34:37,300684.SZ,B,41.240,200
456,61,2025-10-17,2025-10-17 14:34:37,600166.SH,S,2.660,100
457,58,2025-10-17,2025-10-17 14:34:28,300521.SZ,S,27.100,200
458,58,2025-10-17,2025-10-17 14:34:24,603758.SH,S,14.400,100
459,61,2025-10-17,2025-10-17 14:34:17,300850.SZ,B,41.760,200
460,58,2025-10-17,2025-10-17 14:34:13,600103.SH,S,3.380,200
461,61,2025-10-17,2025-10-17 14:34:09,603758.SH,S,14.400,100
462,52,2025-10-17,2025-10-17 14:34:08,603758.SH,S,14.400,100
463,59,2025-10-17,2025-10-17 14:34:06,002172.SZ,S,4.050,100
464,61,2025-10-17,2025-10-17 14:34:06,002172.SZ,S,4.050,100
465,52,2025-10-17,2025-10-17 14:31:57,600503.SH,S,3.320,100
466,61,2025-10-17,2025-10-17 14:33:56,300541.SZ,S,16.050,200
467,58,2025-10-17,2025-10-17 14:33:50,600509.SH,S,8.520,200
468,63,2025-10-17,2025-10-17 14:33:49,601166.SH,S,20.200,100
469,58,2025-10-17,2025-10-17 14:33:42,605555.SH,S,17.270,100
470,63,2025-10-17,2025-10-17 14:33:41,601600.SH,S,8.490,100
471,63,2025-10-17,2025-10-17 14:33:39,002241.SZ,S,31.230,100
472,59,2025-10-17,2025-10-17 14:33:37,002836.SZ,S,10.390,300
473,61,2025-10-17,2025-10-17 14:33:37,002836.SZ,S,10.390,500
474,52,2025-10-17,2025-10-17 14:33:28,002195.SZ,B,7.030,800
475,58,2025-10-17,2025-10-17 14:33:32,300541.SZ,S,16.040,200
476,58,2025-10-17,2025-10-17 14:33:32,300541.SZ,S,16.040,300
477,63,2025-10-17,2025-10-17 14:33:31,601998.SH,S,7.800,100
478,63,2025-10-17,2025-10-17 14:33:31,601998.SH,S,7.800,100
479,63,2025-10-17,2025-10-17 14:33:30,601229.SH,S,9.470,100
480,63,2025-10-17,2025-10-17 14:33:29,601658.SH,S,5.710,100
481,61,2025-10-17,2025-10-17 14:33:25,003019.SZ,S,32.570,100
482,52,2025-10-17,2025-10-17 14:33:24,300541.SZ,S,16.050,300
483,52,2025-10-17,2025-10-17 14:32:43,002836.SZ,S,10.380,200
484,58,2025-10-17,2025-10-17 14:33:10,002662.SZ,B,3.680,500
485,58,2025-10-17,2025-10-17 14:33:08,601929.SH,S,3.510,400
486,52,2025-10-17,2025-10-17 14:31:57,600169.SH,S,2.590,800
487,61,2025-10-17,2025-10-17 14:32:42,000690.SZ,S,4.670,100
488,52,2025-10-17,2025-10-17 14:32:23,000035.SZ,S,5.900,200
489,63,2025-10-17,2025-10-17 14:32:31,601238.SH,S,7.730,100
490,63,2025-10-17,2025-10-17 14:32:30,600926.SH,S,16.390,100
491,59,2025-10-17,2025-10-17 14:32:28,000600.SZ,S,9.340,100
492,61,2025-10-17,2025-10-17 14:32:28,000600.SZ,S,9.340,100
493,61,2025-10-17,2025-10-17 14:32:28,000600.SZ,S,9.340,100
494,63,2025-10-17,2025-10-17 14:32:25,300686.SZ,S,14.980,100
495,59,2025-10-17,2025-10-17 14:32:19,002772.SZ,S,10.100,200
496,61,2025-10-17,2025-10-17 14:32:19,002772.SZ,S,10.100,300
497,63,2025-10-17,2025-10-17 14:32:19,002772.SZ,S,10.100,100
498,61,2025-10-17,2025-10-17 14:32:19,002249.SZ,B,10.190,200
499,52,2025-10-17,2025-10-17 14:32:18,002772.SZ,S,10.100,300
500,58,2025-10-17,2025-10-17 14:32:15,002638.SZ,B,2.680,500
501,63,2025-10-17,2025-10-17 14:32:10,601398.SH,S,7.590,100
502,58,2025-10-17,2025-10-17 14:32:08,600362.SH,B,37.160,200
503,58,2025-10-17,2025-10-17 14:32:04,300575.SZ,S,6.370,600
504,63,2025-10-17,2025-10-17 14:32:01,601939.SH,S,9.210,400
505,58,2025-10-17,2025-10-17 14:32:00,002501.SZ,S,2.410,100
506,52,2025-10-17,2025-10-17 14:31:58,601727.SH,S,9.170,100
507,63,2025-10-17,2025-10-17 14:31:58,000571.SZ,S,5.770,100
508,52,2025-10-17,2025-10-17 14:31:57,002172.SZ,S,4.050,100
509,52,2025-10-17,2025-10-17 14:31:57,300575.SZ,S,6.370,200
510,58,2025-10-17,2025-10-17 14:31:58,001222.SZ,S,24.430,100
511,58,2025-10-17,2025-10-17 14:31:57,601279.SH,S,4.270,100
512,58,2025-10-17,2025-10-17 14:31:57,002172.SZ,S,4.050,100
513,63,2025-10-17,2025-10-17 14:31:56,600919.SH,S,10.980,100
514,63,2025-10-17,2025-10-17 14:31:56,002645.SZ,S,15.000,100
515,63,2025-10-17,2025-10-17 14:31:55,601992.SH,S,1.730,100
516,63,2025-10-17,2025-10-17 14:31:55,300055.SZ,S,6.990,100
517,59,2025-10-17,2025-10-17 14:31:54,601975.SH,S,3.150,200
518,59,2025-10-17,2025-10-17 14:31:54,000882.SZ,S,1.960,100
519,61,2025-10-17,2025-10-17 14:31:54,601975.SH,S,3.150,400
520,61,2025-10-17,2025-10-17 14:31:54,000882.SZ,S,1.960,100
521,61,2025-10-17,2025-10-17 14:31:54,603002.SH,S,6.800,100
522,61,2025-10-17,2025-10-17 14:28:42,002195.SZ,B,7.060,500
523,61,2025-10-17,2025-10-17 14:28:34,601992.SH,B,1.740,100
524,61,2025-10-17,2025-10-17 14:28:33,002506.SZ,B,2.470,100
525,61,2025-10-17,2025-10-17 14:28:33,000897.SZ,B,2.280,100
526,59,2025-10-17,2025-10-17 14:28:30,600540.SH,S,4.770,200
527,59,2025-10-17,2025-10-17 14:28:30,000882.SZ,S,1.960,300
528,58,2025-10-17,2025-10-17 14:28:30,600239.SH,B,2.540,200
529,58,2025-10-17,2025-10-17 14:28:30,600022.SH,S,1.600,2300
530,61,2025-10-17,2025-10-17 14:28:30,600540.SH,S,4.770,600
531,61,2025-10-17,2025-10-17 14:28:30,000882.SZ,S,1.960,800
532,61,2025-10-17,2025-10-17 14:28:30,300541.SZ,B,16.090,200
533,52,2025-10-17,2025-10-17 14:28:29,600022.SH,S,1.600,800
534,52,2025-10-17,2025-10-17 14:28:29,000882.SZ,S,1.960,200
535,58,2025-10-17,2025-10-17 14:28:11,600509.SH,B,8.530,100
536,58,2025-10-17,2025-10-17 14:28:11,600509.SH,B,8.530,1500
537,59,2025-10-17,2025-10-17 14:28:07,600180.SH,S,4.640,100
538,58,2025-10-17,2025-10-17 14:28:07,002911.SZ,S,12.480,300
539,58,2025-10-17,2025-10-17 14:28:07,600537.SH,S,3.950,800
540,52,2025-10-17,2025-10-17 14:28:07,600540.SH,S,4.770,200
541,52,2025-10-17,2025-10-17 14:28:07,600180.SH,S,4.640,100
542,61,2025-10-17,2025-10-17 14:28:07,601339.SH,S,5.560,100
543,61,2025-10-17,2025-10-17 14:28:07,600180.SH,S,4.640,400
544,61,2025-10-17,2025-10-17 14:28:07,300830.SZ,B,10.300,100
545,58,2025-10-17,2025-10-17 14:28:06,603980.SH,S,5.400,800
546,59,2025-10-17,2025-10-17 14:28:04,300792.SZ,B,32.900,200
547,61,2025-10-17,2025-10-17 14:28:05,300421.SZ,B,19.020,100
548,61,2025-10-17,2025-10-17 14:28:05,300421.SZ,B,19.020,100
549,58,2025-10-17,2025-10-17 14:28:04,000882.SZ,S,1.960,900
550,61,2025-10-17,2025-10-17 14:28:04,601615.SH,S,15.330,200
551,52,2025-10-17,2025-10-17 14:28:00,601615.SH,S,15.330,200
552,52,2025-10-17,2025-10-17 14:28:00,601929.SH,S,3.510,200
553,61,2025-10-17,2025-10-17 14:27:59,300493.SZ,B,19.640,100
554,61,2025-10-17,2025-10-17 14:27:59,002269.SZ,B,2.290,100
555,63,2025-10-17,2025-10-17 14:27:58,601929.SH,B,3.520,300
556,61,2025-10-17,2025-10-17 14:27:58,601929.SH,B,3.520,100
557,63,2025-10-17,2025-10-17 14:27:56,002269.SZ,S,2.280,100
558,61,2025-10-17,2025-10-17 14:27:52,601789.SH,B,5.370,100
559,59,2025-10-17,2025-10-17 14:27:46,600022.SH,S,1.600,700
560,61,2025-10-17,2025-10-17 14:27:46,600022.SH,S,1.600,2100
561,61,2025-10-17,2025-10-17 14:27:45,002321.SZ,B,2.850,100
562,58,2025-10-17,2025-10-17 14:27:04,300421.SZ,B,19.020,200
563,58,2025-10-17,2025-10-17 14:27:02,300541.SZ,B,16.070,400
564,61,2025-10-17,2025-10-17 14:26:56,300201.SZ,B,5.310,100
565,61,2025-10-17,2025-10-17 14:26:54,300593.SZ,B,18.740,100
566,61,2025-10-17,2025-10-17 14:26:54,300593.SZ,B,18.740,100
567,61,2025-10-17,2025-10-17 14:26:54,002911.SZ,S,12.490,400
568,58,2025-10-17,2025-10-17 14:26:46,600577.SH,S,9.580,400
569,58,2025-10-17,2025-10-17 14:26:46,600577.SH,S,9.580,300
570,63,2025-10-17,2025-10-17 14:26:42,601939.SH,B,9.230,500
571,52,2025-10-17,2025-10-17 14:24:19,600577.SH,S,9.590,200
572,61,2025-10-17,2025-10-17 14:26:28,600207.SH,B,5.090,300
573,61,2025-10-17,2025-10-17 14:26:23,601778.SH,B,3.550,100
574,61,2025-10-17,2025-10-17 14:26:21,603138.SH,B,15.580,100
575,59,2025-10-17,2025-10-17 14:26:19,603980.SH,S,5.410,300
576,58,2025-10-17,2025-10-17 14:26:20,600207.SH,S,5.090,500
577,58,2025-10-17,2025-10-17 14:26:20,300830.SZ,B,10.300,200
578,61,2025-10-17,2025-10-17 14:26:19,603980.SH,S,5.410,800
579,63,2025-10-17,2025-10-17 14:26:15,601939.SH,B,9.230,800
580,58,2025-10-17,2025-10-17 14:26:13,603090.SH,B,44.620,200
581,52,2025-10-17,2025-10-17 14:22:31,603980.SH,S,5.420,300
582,58,2025-10-17,2025-10-17 14:26:09,002501.SZ,S,2.410,400
583,58,2025-10-17,2025-10-17 14:25:56,300541.SZ,B,16.070,200
584,58,2025-10-17,2025-10-17 14:25:50,600658.SH,S,5.430,100
585,52,2025-10-17,2025-10-17 14:25:36,601615.SH,S,15.320,200
586,61,2025-10-17,2025-10-17 14:25:16,000612.SZ,B,9.010,100
587,58,2025-10-17,2025-10-17 14:25:14,300593.SZ,B,18.740,100
588,58,2025-10-17,2025-10-17 14:25:14,300593.SZ,B,18.740,400
589,61,2025-10-17,2025-10-17 14:25:09,600658.SH,S,5.440,200
590,61,2025-10-17,2025-10-17 14:25:07,601618.SH,B,3.720,100
591,52,2025-10-17,2025-10-17 14:16:50,601618.SH,B,3.720,1000
592,58,2025-10-17,2025-10-17 14:25:01,000685.SZ,S,12.700,1000
593,58,2025-10-17,2025-10-17 14:24:59,600103.SH,B,3.370,500
594,61,2025-10-17,2025-10-17 14:24:52,300185.SZ,B,2.940,100
595,58,2025-10-17,2025-10-17 14:24:47,600180.SH,S,4.640,300
596,58,2025-10-17,2025-10-17 14:24:47,600180.SH,S,4.640,100
597,58,2025-10-17,2025-10-17 14:24:47,600180.SH,S,4.640,100
598,61,2025-10-17,2025-10-17 14:24:46,600222.SH,B,6.440,100
599,63,2025-10-17,2025-10-17 14:24:42,600208.SH,S,4.460,700
600,58,2025-10-17,2025-10-17 14:24:28,601121.SH,S,7.120,1000
601,58,2025-10-17,2025-10-17 14:24:25,300421.SZ,B,19.060,200
602,63,2025-10-17,2025-10-17 14:24:16,601872.SH,S,8.690,100
603,52,2025-10-17,2025-10-17 14:24:09,605555.SH,S,17.300,100
604,58,2025-10-17,2025-10-17 14:24:01,601615.SH,S,15.370,200
605,58,2025-10-17,2025-10-17 14:23:52,300410.SZ,B,8.680,800
606,58,2025-10-17,2025-10-17 14:23:51,300493.SZ,B,19.680,200
607,58,2025-10-17,2025-10-17 14:23:48,000035.SZ,S,5.910,1700
608,61,2025-10-17,2025-10-17 14:23:46,002471.SZ,B,4.860,100
609,63,2025-10-17,2025-10-17 14:23:35,601668.SH,S,5.610,100
610,63,2025-10-17,2025-10-17 14:23:33,002195.SZ,B,7.070,1700
611,61,2025-10-17,2025-10-17 14:23:17,601968.SH,B,5.310,100
612,61,2025-10-17,2025-10-17 14:23:09,600052.SH,B,5.140,100
613,61,2025-10-17,2025-10-17 14:23:09,000058.SZ,B,10.380,100
614,61,2025-10-17,2025-10-17 14:22:52,002534.SZ,B,16.310,100
615,58,2025-10-17,2025-10-17 14:22:50,300444.SZ,B,8.540,200
616,61,2025-10-17,2025-10-17 14:22:45,000685.SZ,S,12.710,100
617,61,2025-10-17,2025-10-17 14:22:45,300410.SZ,B,8.680,200
618,61,2025-10-17,2025-10-17 14:22:44,000685.SZ,S,12.710,200
619,59,2025-10-17,2025-10-17 14:22:44,600577.SH,S,9.600,200
620,52,2025-10-17,2025-10-17 14:22:39,000803.SZ,S,6.590,200
621,63,2025-10-17,2025-10-17 14:22:39,601868.SH,S,2.460,100
622,59,2025-10-17,2025-10-17 14:22:34,300158.SZ,S,7.110,200
623,58,2025-10-17,2025-10-17 14:22:30,002752.SZ,S,5.610,500
624,58,2025-10-17,2025-10-17 14:22:30,002752.SZ,S,5.610,100
625,58,2025-10-17,2025-10-17 14:22:30,002752.SZ,S,5.610,300
626,58,2025-10-17,2025-10-17 14:22:25,300541.SZ,B,16.100,200
627,61,2025-10-17,2025-10-17 14:22:25,601619.SH,B,4.820,100
628,58,2025-10-17,2025-10-17 14:22:22,300650.SZ,B,16.860,200
629,58,2025-10-17,2025-10-17 14:22:13,605555.SH,S,17.300,200
630,61,2025-10-17,2025-10-17 14:21:56,600481.SH,B,6.570,100
631,52,2025-10-17,2025-10-17 14:21:53,300541.SZ,B,16.100,150
632,52,2025-10-17,2025-10-17 14:21:53,300541.SZ,B,16.100,550
633,52,2025-10-17,2025-10-17 14:21:52,300410.SZ,B,8.680,600
634,59,2025-10-17,2025-10-17 14:21:51,688189.SH,B,8.010,600
635,61,2025-10-17,2025-10-17 14:21:46,605189.SH,B,17.640,100
636,61,2025-10-17,2025-10-17 14:21:42,605488.SH,B,30.980,100
637,61,2025-10-17,2025-10-17 14:21:41,002752.SZ,S,5.610,800
638,63,2025-10-17,2025-10-17 14:21:37,002202.SZ,S,14.980,100
639,61,2025-10-17,2025-10-17 14:21:34,300324.SZ,B,5.560,100
640,61,2025-10-17,2025-10-17 14:21:32,600888.SH,B,8.010,100
641,61,2025-10-17,2025-10-17 14:21:31,603185.SH,B,22.210,100
642,61,2025-10-17,2025-10-17 14:21:31,300740.SZ,B,23.070,100
643,63,2025-10-17,2025-10-17 14:21:30,601319.SH,S,8.520,100
644,58,2025-10-17,2025-10-17 14:21:30,002947.SZ,B,42.140,500
645,58,2025-10-17,2025-10-17 14:21:31,300593.SZ,B,18.790,400
646,59,2025-10-17,2025-10-17 14:21:30,688556.SH,S,11.340,218
647,61,2025-10-17,2025-10-17 14:21:30,688556.SH,S,11.340,352
648,59,2025-10-17,2025-10-17 14:21:26,002752.SZ,S,5.610,100
649,59,2025-10-17,2025-10-17 14:21:26,002752.SZ,S,5.610,200
650,61,2025-10-17,2025-10-17 14:21:25,600251.SH,S,8.800,100
651,59,2025-10-17,2025-10-17 14:21:19,300593.SZ,B,18.790,100
652,59,2025-10-17,2025-10-17 14:21:19,300593.SZ,B,18.790,100
653,59,2025-10-17,2025-10-17 14:21:19,300593.SZ,B,18.790,100
654,59,2025-10-17,2025-10-17 14:21:19,300593.SZ,B,18.790,200
655,61,2025-10-17,2025-10-17 14:21:18,300593.SZ,B,18.790,100
656,61,2025-10-17,2025-10-17 14:21:18,300593.SZ,B,18.790,100
657,61,2025-10-17,2025-10-17 14:21:18,300593.SZ,B,18.790,200
658,52,2025-10-17,2025-10-17 14:21:16,002919.SZ,S,17.510,100
659,61,2025-10-17,2025-10-17 14:21:16,300421.SZ,B,19.040,300
660,61,2025-10-17,2025-10-17 14:21:13,605555.SH,S,17.310,200
661,59,2025-10-17,2025-10-17 14:21:13,605555.SH,S,17.310,100
662,52,2025-10-17,2025-10-17 14:18:44,600509.SH,B,8.550,1000
663,52,2025-10-17,2025-10-17 14:21:09,600601.SH,S,9.590,100
664,59,2025-10-17,2025-10-17 14:21:09,600207.SH,S,5.100,200
665,59,2025-10-17,2025-10-17 14:21:03,300364.SZ,S,24.730,100
666,61,2025-10-17,2025-10-17 14:21:03,300364.SZ,S,24.730,200
667,58,2025-10-17,2025-10-17 14:20:53,600540.SH,S,4.770,700
668,63,2025-10-17,2025-10-17 14:20:52,300274.SZ,S,146.800,100
669,61,2025-10-17,2025-10-17 14:20:49,600537.SH,S,3.960,200
670,61,2025-10-17,2025-10-17 14:20:43,000100.SZ,S,4.120,100
671,63,2025-10-17,2025-10-17 14:20:40,600111.SH,S,53.010,100
672,52,2025-10-17,2025-10-17 14:20:37,002396.SZ,S,27.060,100
673,52,2025-10-17,2025-10-17 14:20:19,300421.SZ,B,19.040,300
674,58,2025-10-17,2025-10-17 14:20:36,601618.SH,S,3.730,100
675,52,2025-10-17,2025-10-17 14:20:31,300158.SZ,S,7.120,300
676,58,2025-10-17,2025-10-17 14:20:30,002396.SZ,S,27.060,200
677,61,2025-10-17,2025-10-17 14:20:23,600370.SH,B,2.010,100
678,52,2025-10-17,2025-10-17 14:20:14,300517.SZ,S,11.560,100
679,61,2025-10-17,2025-10-17 14:20:11,002146.SZ,B,1.560,100
680,61,2025-10-17,2025-10-17 14:20:11,002317.SZ,S,17.420,100
681,58,2025-10-17,2025-10-17 14:20:10,002146.SZ,B,1.560,200
682,58,2025-10-17,2025-10-17 14:20:02,300517.SZ,S,11.560,100
683,61,2025-10-17,2025-10-17 14:20:01,600785.SH,B,13.110,100
684,63,2025-10-17,2025-10-17 14:19:53,600595.SH,S,6.190,200
685,61,2025-10-17,2025-10-17 14:19:45,300517.SZ,S,11.560,100
686,61,2025-10-17,2025-10-17 14:19:35,000677.SZ,B,5.110,100
687,61,2025-10-17,2025-10-17 14:19:22,000923.SZ,B,17.510,100
688,58,2025-10-17,2025-10-17 14:19:18,688556.SH,S,11.350,472
689,61,2025-10-17,2025-10-17 14:19:13,002396.SZ,B,27.070,100
690,61,2025-10-17,2025-10-17 14:19:10,000426.SZ,B,32.690,100
691,61,2025-10-17,2025-10-17 14:19:06,002947.SZ,B,42.150,100
692,61,2025-10-17,2025-10-17 14:19:01,300158.SZ,S,7.130,600
693,61,2025-10-17,2025-10-17 14:18:57,300444.SZ,B,8.550,200
694,61,2025-10-17,2025-10-17 14:18:53,300464.SZ,B,7.260,100
695,63,2025-10-17,2025-10-17 14:18:52,600111.SH,S,53.060,100
696,61,2025-10-17,2025-10-17 14:18:53,600577.SH,B,9.630,600
697,61,2025-10-17,2025-10-17 14:18:51,603529.SH,S,32.890,100
698,61,2025-10-17,2025-10-17 14:18:46,601615.SH,S,15.380,300
699,63,2025-10-17,2025-10-17 14:18:46,601615.SH,S,15.380,400
700,59,2025-10-17,2025-10-17 14:18:46,601615.SH,S,15.380,100
701,59,2025-10-17,2025-10-17 14:18:45,002195.SZ,B,7.080,1400
702,52,2025-10-17,2025-10-17 14:18:42,601696.SH,S,14.100,7
703,52,2025-10-17,2025-10-17 14:18:42,601696.SH,S,14.100,93
704,63,2025-10-17,2025-10-17 14:18:39,601818.SH,S,3.450,100
705,61,2025-10-17,2025-10-17 14:18:39,000877.SZ,B,6.380,100
706,63,2025-10-17,2025-10-17 14:18:38,300498.SZ,S,18.710,100
707,63,2025-10-17,2025-10-17 14:18:36,600031.SH,S,22.600,100
708,52,2025-10-17,2025-10-17 14:18:30,000685.SZ,S,12.760,600
709,58,2025-10-17,2025-10-17 14:18:34,300158.SZ,S,7.120,700
710,58,2025-10-17,2025-10-17 14:18:32,002772.SZ,S,10.050,300
711,61,2025-10-17,2025-10-17 14:18:31,002911.SZ,S,12.510,500
712,58,2025-10-17,2025-10-17 14:18:31,002911.SZ,S,12.510,100
713,58,2025-10-17,2025-10-17 14:18:31,002911.SZ,S,12.510,600
714,59,2025-10-17,2025-10-17 14:18:31,002911.SZ,S,12.510,400
715,61,2025-10-17,2025-10-17 14:18:30,002772.SZ,S,10.050,300
716,52,2025-10-17,2025-10-17 14:18:30,002911.SZ,S,12.510,300
717,59,2025-10-17,2025-10-17 14:18:30,002772.SZ,S,10.050,100
718,52,2025-10-17,2025-10-17 14:18:28,002772.SZ,S,10.050,200
719,59,2025-10-17,2025-10-17 14:18:27,002624.SZ,S,16.650,100
720,58,2025-10-17,2025-10-17 14:18:23,600895.SH,B,43.930,200
721,61,2025-10-17,2025-10-17 14:18:18,300541.SZ,B,16.110,300
722,61,2025-10-17,2025-10-17 14:18:15,002066.SZ,B,15.050,100
723,59,2025-10-17,2025-10-17 14:18:14,000035.SZ,S,5.910,600
724,61,2025-10-17,2025-10-17 14:18:14,000035.SZ,S,5.910,1500
725,63,2025-10-17,2025-10-17 14:18:14,000035.SZ,S,5.910,100
726,58,2025-10-17,2025-10-17 14:18:12,002636.SZ,B,13.100,200
727,59,2025-10-17,2025-10-17 14:18:11,300541.SZ,B,16.110,200
728,61,2025-10-17,2025-10-17 14:18:10,002662.SZ,B,3.690,100
729,58,2025-10-17,2025-10-17 14:18:10,001330.SZ,S,5.590,300
730,63,2025-10-17,2025-10-17 14:18:09,002701.SZ,S,6.300,100
731,52,2025-10-17,2025-10-17 14:17:44,000035.SZ,S,5.910,400
732,63,2025-10-17,2025-10-17 14:18:02,600025.SH,S,9.990,100
733,61,2025-10-17,2025-10-17 14:17:54,603798.SH,B,14.710,100
734,63,2025-10-17,2025-10-17 14:17:53,000630.SZ,S,5.260,100
735,58,2025-10-17,2025-10-17 14:17:51,601615.SH,S,15.380,300
736,61,2025-10-17,2025-10-17 14:17:45,601208.SH,B,17.640,100
737,59,2025-10-17,2025-10-17 14:17:42,300575.SZ,S,6.390,100
738,61,2025-10-17,2025-10-17 14:17:42,300575.SZ,S,6.390,100
739,61,2025-10-17,2025-10-17 14:17:42,300575.SZ,S,6.390,100
740,61,2025-10-17,2025-10-17 14:17:41,002313.SZ,B,10.850,100
741,61,2025-10-17,2025-10-17 14:17:38,002394.SZ,B,11.530,100
742,61,2025-10-17,2025-10-17 14:17:37,600895.SH,B,43.920,100
743,63,2025-10-17,2025-10-17 14:17:37,600208.SH,S,4.460,1100
744,61,2025-10-17,2025-10-17 14:17:35,300792.SZ,B,32.960,100
745,61,2025-10-17,2025-10-17 14:17:32,600846.SH,S,13.900,300
746,61,2025-10-17,2025-10-17 14:17:31,002276.SZ,B,17.070,100
747,52,2025-10-17,2025-10-17 14:17:31,600846.SH,S,13.900,100
748,52,2025-10-17,2025-10-17 14:17:27,002405.SZ,S,9.560,100
749,58,2025-10-17,2025-10-17 14:17:27,002405.SZ,S,9.560,600
750,59,2025-10-17,2025-10-17 14:17:28,000685.SZ,S,12.760,400
751,61,2025-10-17,2025-10-17 14:17:28,000685.SZ,S,12.760,600
752,63,2025-10-17,2025-10-17 14:17:28,000685.SZ,S,12.760,600
753,61,2025-10-17,2025-10-17 14:17:25,002405.SZ,S,9.560,600
754,61,2025-10-17,2025-10-17 14:17:17,002145.SZ,B,5.640,100
755,58,2025-10-17,2025-10-17 14:17:16,002436.SZ,B,19.650,200
756,63,2025-10-17,2025-10-17 14:17:12,601998.SH,B,7.830,1000
757,61,2025-10-17,2025-10-17 14:17:02,300120.SZ,B,10.060,100
758,61,2025-10-17,2025-10-17 14:17:01,002195.SZ,B,7.080,1000
759,63,2025-10-17,2025-10-17 14:17:01,002195.SZ,B,7.080,3400
760,59,2025-10-17,2025-10-17 14:16:52,002396.SZ,B,27.080,100
761,59,2025-10-17,2025-10-17 14:16:51,002396.SZ,B,27.080,100
762,61,2025-10-17,2025-10-17 14:16:52,601975.SH,B,3.160,100
763,59,2025-10-17,2025-10-17 14:16:47,600846.SH,S,13.900,200
764,61,2025-10-17,2025-10-17 14:16:46,002323.SZ,B,1.690,9
765,61,2025-10-17,2025-10-17 14:16:46,002323.SZ,B,1.690,91
766,61,2025-10-17,2025-10-17 14:16:43,002202.SZ,B,14.970,100
767,61,2025-10-17,2025-10-17 14:16:43,600961.SH,B,15.810,100
768,61,2025-10-17,2025-10-17 14:16:41,600362.SH,B,37.310,100
769,59,2025-10-17,2025-10-17 14:16:40,601121.SH,S,7.110,300
770,61,2025-10-17,2025-10-17 14:16:40,601121.SH,S,7.110,800
771,52,2025-10-17,2025-10-17 14:16:16,601121.SH,S,7.110,200
772,61,2025-10-17,2025-10-17 14:16:38,002836.SZ,B,10.380,100
773,63,2025-10-17,2025-10-17 14:16:38,600362.SH,B,37.310,300
774,61,2025-10-17,2025-10-17 14:16:37,603359.SH,S,8.580,200
775,58,2025-10-17,2025-10-17 14:16:34,300575.SZ,S,6.390,300
776,58,2025-10-17,2025-10-17 14:16:36,300850.SZ,B,41.750,200
777,58,2025-10-17,2025-10-17 14:16:32,002276.SZ,B,17.110,100
778,58,2025-10-17,2025-10-17 14:16:32,002276.SZ,B,17.110,100
779,58,2025-10-17,2025-10-17 14:16:31,600509.SH,B,8.550,900
780,58,2025-10-17,2025-10-17 14:16:31,600509.SH,B,8.550,600
781,59,2025-10-17,2025-10-17 14:16:31,600509.SH,B,8.550,200
782,58,2025-10-17,2025-10-17 14:16:30,002186.SZ,S,11.220,100
783,61,2025-10-17,2025-10-17 14:16:31,600094.SH,S,5.260,100
784,61,2025-10-17,2025-10-17 14:16:28,601616.SH,B,4.120,100
785,58,2025-10-17,2025-10-17 14:16:26,688556.SH,S,11.350,200
786,58,2025-10-17,2025-10-17 14:16:24,601279.SH,S,4.280,900
787,58,2025-10-17,2025-10-17 14:16:24,688556.SH,S,11.350,200
788,58,2025-10-17,2025-10-17 14:16:22,600846.SH,S,13.900,400
789,61,2025-10-17,2025-10-17 14:16:23,002701.SZ,B,6.290,100
790,58,2025-10-17,2025-10-17 14:16:22,600169.SH,B,2.600,200
791,58,2025-10-17,2025-10-17 14:16:20,603359.SH,S,8.570,200
792,52,2025-10-17,2025-10-17 14:16:16,600169.SH,B,2.600,1000
793,58,2025-10-17,2025-10-17 14:16:19,300364.SZ,S,24.740,200
794,58,2025-10-17,2025-10-17 14:16:18,601929.SH,B,3.520,800
795,63,2025-10-17,2025-10-17 14:16:19,600438.SH,B,23.670,300
796,61,2025-10-17,2025-10-17 14:16:18,002627.SZ,B,5.810,100
797,61,2025-10-17,2025-10-17 14:16:18,601279.SH,S,4.280,900
798,59,2025-10-17,2025-10-17 14:16:18,601279.SH,S,4.280,400
799,58,2025-10-17,2025-10-17 14:16:17,601727.SH,S,9.190,1000
800,61,2025-10-17,2025-10-17 14:16:16,601018.SH,S,3.790,100
801,61,2025-10-17,2025-10-17 14:16:16,000778.SZ,S,3.900,100
802,61,2025-10-17,2025-10-17 14:16:16,601727.SH,S,9.190,900
803,61,2025-10-17,2025-10-17 14:16:16,002212.SZ,B,9.130,100
804,61,2025-10-17,2025-10-17 14:16:16,002501.SZ,S,2.420,400
805,52,2025-10-17,2025-10-17 14:16:16,601279.SH,S,4.280,200
806,52,2025-10-17,2025-10-17 14:16:16,600157.SH,S,1.640,2700
807,52,2025-10-17,2025-10-17 14:16:16,002501.SZ,S,2.420,100
808,52,2025-10-17,2025-10-17 14:16:16,601727.SH,S,9.190,300
809,52,2025-10-17,2025-10-17 14:16:16,002752.SZ,S,5.610,200
810,52,2025-10-17,2025-10-17 14:16:16,002195.SZ,S,7.080,100
811,63,2025-10-17,2025-10-17 14:16:15,601727.SH,S,9.190,100
812,63,2025-10-17,2025-10-17 14:16:15,601816.SH,S,5.170,100
813,63,2025-10-17,2025-10-17 14:16:15,600157.SH,S,1.640,3800
814,63,2025-10-17,2025-10-17 14:16:15,600028.SH,S,5.430,100
815,59,2025-10-17,2025-10-17 14:16:15,002501.SZ,S,2.420,200
816,58,2025-10-17,2025-10-17 14:13:18,300792.SZ,B,33.020,400
817,58,2025-10-17,2025-10-17 14:13:15,601121.SH,S,7.110,900
818,63,2025-10-17,2025-10-17 14:13:07,601658.SH,S,5.720,100
819,52,2025-10-17,2025-10-17 14:13:07,000659.SZ,S,2.800,300
820,63,2025-10-17,2025-10-17 14:13:06,600031.SH,B,22.610,400
821,61,2025-10-17,2025-10-17 14:12:49,601339.SH,B,5.560,100
822,63,2025-10-17,2025-10-17 14:12:46,601916.SH,S,3.070,100
823,61,2025-10-17,2025-10-17 14:12:44,600844.SH,S,2.940,100
824,61,2025-10-17,2025-10-17 14:12:44,000088.SZ,S,4.490,100
825,52,2025-10-17,2025-10-17 14:12:21,688556.SH,B,11.390,100
826,52,2025-10-17,2025-10-17 14:12:21,688556.SH,B,11.390,100
827,52,2025-10-17,2025-10-17 14:12:19,600208.SH,S,4.480,600
828,59,2025-10-17,2025-10-17 14:11:50,600207.SH,B,5.110,300
829,63,2025-10-17,2025-10-17 14:11:29,603077.SH,S,2.170,100
830,59,2025-10-17,2025-10-17 14:11:17,002276.SZ,B,17.210,300
831,58,2025-10-17,2025-10-17 14:11:00,601121.SH,S,7.120,500
832,63,2025-10-17,2025-10-17 14:10:38,600362.SH,B,37.420,100
833,63,2025-10-17,2025-10-17 14:10:37,600337.SH,S,2.220,100
834,61,2025-10-17,2025-10-17 14:10:26,600105.SH,B,13.260,100
835,61,2025-10-17,2025-10-17 14:10:09,603077.SH,B,2.170,100
836,58,2025-10-17,2025-10-17 14:10:01,002752.SZ,S,5.610,400
837,63,2025-10-17,2025-10-17 14:10:02,601328.SH,B,7.000,600
838,61,2025-10-17,2025-10-17 14:10:00,600169.SH,B,2.610,100
839,52,2025-10-17,2025-10-17 14:08:39,601929.SH,B,3.530,1600
840,61,2025-10-17,2025-10-17 14:09:45,002558.SZ,B,38.860,100
841,58,2025-10-17,2025-10-17 14:09:20,000685.SZ,S,12.810,100
842,58,2025-10-17,2025-10-17 14:09:11,688556.SH,B,11.390,307
843,58,2025-10-17,2025-10-17 14:09:11,688556.SH,B,11.390,112
844,58,2025-10-17,2025-10-17 14:09:07,002919.SZ,S,17.560,100
845,58,2025-10-17,2025-10-17 14:08:57,002919.SZ,S,17.560,100
846,61,2025-10-17,2025-10-17 14:08:39,002456.SZ,B,11.720,100
847,61,2025-10-17,2025-10-17 14:08:37,601121.SH,S,7.140,700
848,52,2025-10-17,2025-10-17 14:08:24,002836.SZ,S,10.350,200
849,61,2025-10-17,2025-10-17 14:08:24,688596.SH,B,41.900,200
850,63,2025-10-17,2025-10-17 14:08:17,601857.SH,S,8.450,100
851,61,2025-10-17,2025-10-17 14:08:15,000056.SZ,B,2.340,100
852,61,2025-10-17,2025-10-17 14:08:13,002919.SZ,S,17.560,200
853,61,2025-10-17,2025-10-17 14:08:06,601929.SH,S,3.540,800
854,61,2025-10-17,2025-10-17 14:08:01,603786.SH,B,87.360,100
855,61,2025-10-17,2025-10-17 14:07:49,002063.SZ,S,6.310,100
856,61,2025-10-17,2025-10-17 14:07:48,603037.SH,B,14.180,100
857,61,2025-10-17,2025-10-17 14:07:43,002654.SZ,S,15.910,200
858,63,2025-10-17,2025-10-17 14:07:42,600111.SH,S,53.220,100
859,61,2025-10-17,2025-10-17 14:07:36,002558.SZ,B,39.060,100
860,61,2025-10-17,2025-10-17 14:07:36,002558.SZ,B,39.060,200
861,63,2025-10-17,2025-10-17 14:07:35,600111.SH,S,53.240,100
862,61,2025-10-17,2025-10-17 14:07:30,001326.SZ,S,53.110,300
863,61,2025-10-17,2025-10-17 14:07:20,603076.SH,B,24.820,100
864,61,2025-10-17,2025-10-17 14:07:17,605488.SH,S,31.100,200
865,52,2025-10-17,2025-10-17 14:07:06,600601.SH,B,9.650,500
866,63,2025-10-17,2025-10-17 14:07:07,601929.SH,B,3.540,600
867,52,2025-10-17,2025-10-17 14:07:05,002629.SZ,S,8.050,700
868,59,2025-10-17,2025-10-17 14:06:56,601121.SH,S,7.150,800
869,61,2025-10-17,2025-10-17 14:06:53,600170.SH,B,2.870,100
870,61,2025-10-17,2025-10-17 14:06:49,000100.SZ,B,4.140,100
871,58,2025-10-17,2025-10-17 14:06:47,600577.SH,B,9.710,1900
872,58,2025-10-17,2025-10-17 14:06:46,001326.SZ,S,52.990,200
873,63,2025-10-17,2025-10-17 14:06:42,002638.SZ,S,2.700,100
874,58,2025-10-17,2025-10-17 14:06:42,300421.SZ,B,19.130,300
875,61,2025-10-17,2025-10-17 14:06:40,002638.SZ,B,2.700,100
876,61,2025-10-17,2025-10-17 14:06:40,002748.SZ,B,10.380,100
877,63,2025-10-17,2025-10-17 14:06:21,000058.SZ,S,10.430,100
878,58,2025-10-17,2025-10-17 14:06:19,002836.SZ,S,10.390,700
879,61,2025-10-17,2025-10-17 14:06:12,600509.SH,B,8.630,100
880,58,2025-10-17,2025-10-17 14:06:13,300792.SZ,B,33.210,100
881,61,2025-10-17,2025-10-17 14:06:05,002276.SZ,B,17.250,100
882,58,2025-10-17,2025-10-17 14:06:05,300792.SZ,B,33.210,100
883,52,2025-10-17,2025-10-17 14:03:00,002316.SZ,S,5.250,100
884,61,2025-10-17,2025-10-17 14:06:04,002752.SZ,S,5.620,200
885,61,2025-10-17,2025-10-17 14:06:04,002752.SZ,S,5.620,200
886,58,2025-10-17,2025-10-17 14:05:57,300593.SZ,S,18.920,100
887,61,2025-10-17,2025-10-17 14:05:56,300593.SZ,S,18.920,100
888,61,2025-10-17,2025-10-17 14:05:48,600846.SH,S,13.920,100
889,52,2025-10-17,2025-10-17 14:05:02,600846.SH,S,13.920,100
890,58,2025-10-17,2025-10-17 14:05:35,688556.SH,B,11.410,200
891,58,2025-10-17,2025-10-17 14:05:35,688556.SH,B,11.410,400
892,63,2025-10-17,2025-10-17 14:05:25,601600.SH,S,8.570,100
893,63,2025-10-17,2025-10-17 14:05:15,001309.SZ,S,182.770,100
894,58,2025-10-17,2025-10-17 14:05:08,601121.SH,S,7.140,400
895,58,2025-10-17,2025-10-17 14:05:07,601121.SH,S,7.140,100
896,58,2025-10-17,2025-10-17 14:05:06,601121.SH,S,7.140,100
897,59,2025-10-17,2025-10-17 14:05:06,600577.SH,B,9.670,600
898,58,2025-10-17,2025-10-17 14:05:04,300432.SZ,B,17.950,400
899,59,2025-10-17,2025-10-17 14:05:02,002752.SZ,S,5.620,100
900,59,2025-10-17,2025-10-17 14:04:59,688556.SH,B,11.410,559
901,61,2025-10-17,2025-10-17 14:04:58,300792.SZ,B,33.180,200
902,61,2025-10-17,2025-10-17 14:04:56,300852.SZ,B,38.010,100
903,52,2025-10-17,2025-10-17 14:04:56,300792.SZ,B,33.180,500
904,58,2025-10-17,2025-10-17 14:04:55,300684.SZ,B,41.560,300
905,63,2025-10-17,2025-10-17 14:04:53,600031.SH,B,22.640,200
906,61,2025-10-17,2025-10-17 14:04:51,300684.SZ,B,41.540,100
907,61,2025-10-17,2025-10-17 14:04:42,002836.SZ,S,10.390,500
908,61,2025-10-17,2025-10-17 14:04:42,002836.SZ,S,10.390,100
909,63,2025-10-17,2025-10-17 14:04:38,600919.SH,S,11.030,100
910,61,2025-10-17,2025-10-17 14:04:38,002836.SZ,S,10.390,100
911,59,2025-10-17,2025-10-17 14:04:38,002836.SZ,S,10.390,100
912,59,2025-10-17,2025-10-17 14:04:38,002836.SZ,S,10.390,100
913,58,2025-10-17,2025-10-17 14:04:27,601929.SH,S,3.530,200
914,59,2025-10-17,2025-10-17 14:04:26,688556.SH,B,11.400,400
915,61,2025-10-17,2025-10-17 14:04:26,688556.SH,B,11.400,549
916,61,2025-10-17,2025-10-17 14:04:26,688556.SH,B,11.400,400
917,59,2025-10-17,2025-10-17 14:04:24,002186.SZ,S,11.260,100
918,61,2025-10-17,2025-10-17 14:04:24,002186.SZ,S,11.260,100
919,61,2025-10-17,2025-10-17 14:04:19,603590.SH,B,49.350,100
920,61,2025-10-17,2025-10-17 14:04:18,300421.SZ,B,19.100,200
921,61,2025-10-17,2025-10-17 14:04:16,603520.SH,B,10.830,100
922,58,2025-10-17,2025-10-17 14:04:10,603823.SH,S,15.490,100
923,63,2025-10-17,2025-10-17 14:04:08,601598.SH,S,6.280,100
924,52,2025-10-17,2025-10-17 14:02:56,688428.SH,B,23.930,312
925,52,2025-10-17,2025-10-17 14:02:56,688428.SH,B,23.930,288
926,58,2025-10-17,2025-10-17 14:04:04,002911.SZ,S,12.520,700
927,59,2025-10-17,2025-10-17 14:04:00,002654.SZ,S,15.800,200
928,59,2025-10-17,2025-10-17 14:04:00,601615.SH,S,15.470,200
929,61,2025-10-17,2025-10-17 14:04:00,002654.SZ,S,15.790,400
930,61,2025-10-17,2025-10-17 14:04:00,601615.SH,S,15.470,300
931,52,2025-10-17,2025-10-17 14:03:57,000681.SZ,B,22.320,300
932,58,2025-10-17,2025-10-17 14:03:55,603032.SH,S,21.980,100
933,58,2025-10-17,2025-10-17 14:03:54,002772.SZ,S,10.030,400
934,58,2025-10-17,2025-10-17 14:03:53,600846.SH,S,13.930,100
935,61,2025-10-17,2025-10-17 14:03:45,603032.SH,S,21.980,100
936,52,2025-10-17,2025-10-17 14:03:44,601615.SH,S,15.480,100
937,61,2025-10-17,2025-10-17 14:03:43,603185.SH,S,22.400,100
938,63,2025-10-17,2025-10-17 14:03:42,601225.SH,S,22.480,400
939,58,2025-10-17,2025-10-17 14:03:41,688556.SH,B,11.430,200
940,58,2025-10-17,2025-10-17 14:03:41,688556.SH,B,11.430,200
941,61,2025-10-17,2025-10-17 14:03:38,300289.SZ,S,7.680,100
942,59,2025-10-17,2025-10-17 14:03:36,002911.SZ,S,12.520,200
943,61,2025-10-17,2025-10-17 14:03:36,002911.SZ,S,12.520,600
944,52,2025-10-17,2025-10-17 14:03:15,002911.SZ,S,12.520,300
945,58,2025-10-17,2025-10-17 14:03:34,603595.SH,S,21.320,100
946,52,2025-10-17,2025-10-17 14:03:05,001326.SZ,S,53.140,100
947,52,2025-10-17,2025-10-17 14:03:09,300250.SZ,B,23.410,300
948,63,2025-10-17,2025-10-17 14:03:29,601619.SH,S,4.860,100
949,61,2025-10-17,2025-10-17 14:03:28,002396.SZ,B,27.130,300
950,61,2025-10-17,2025-10-17 14:03:28,002497.SZ,S,15.990,100
951,61,2025-10-17,2025-10-17 14:03:28,002396.SZ,B,27.130,100
952,58,2025-10-17,2025-10-17 14:03:22,605488.SH,S,31.140,200
953,52,2025-10-17,2025-10-17 14:02:57,688556.SH,B,11.440,600
954,63,2025-10-17,2025-10-17 14:03:11,000725.SZ,S,4.030,100
955,61,2025-10-17,2025-10-17 14:03:10,002313.SZ,B,10.910,100
956,52,2025-10-17,2025-10-17 14:02:57,002195.SZ,B,7.090,1100
957,52,2025-10-17,2025-10-17 14:02:58,688428.SH,B,23.960,200
958,58,2025-10-17,2025-10-17 14:03:05,002384.SZ,S,60.200,100
959,52,2025-10-17,2025-10-17 14:03:04,300509.SZ,S,10.900,100
960,61,2025-10-17,2025-10-17 14:03:01,601121.SH,S,7.140,1600
961,52,2025-10-17,2025-10-17 14:02:49,601121.SH,S,7.140,1200
962,52,2025-10-17,2025-10-17 14:02:48,600363.SH,S,61.990,100
963,61,2025-10-17,2025-10-17 14:02:57,600527.SH,B,2.280,100
964,63,2025-10-17,2025-10-17 14:02:56,600637.SH,S,9.010,100
965,52,2025-10-17,2025-10-17 14:01:17,002752.SZ,S,5.620,100
966,52,2025-10-17,2025-10-17 14:01:17,002501.SZ,S,2.430,100
967,63,2025-10-17,2025-10-17 14:02:54,601618.SH,S,3.740,100
968,61,2025-10-17,2025-10-17 14:02:49,600537.SH,B,3.980,700
969,63,2025-10-17,2025-10-17 14:02:44,600362.SH,B,37.540,200
970,52,2025-10-17,2025-10-17 14:02:34,688428.SH,B,23.910,79
971,52,2025-10-17,2025-10-17 14:02:26,601929.SH,B,3.530,2200
972,61,2025-10-17,2025-10-17 14:02:34,002162.SZ,S,4.240,100
973,61,2025-10-17,2025-10-17 14:02:32,002947.SZ,B,42.260,100
974,58,2025-10-17,2025-10-17 14:02:30,002313.SZ,B,10.910,300
975,61,2025-10-17,2025-10-17 14:02:26,300541.SZ,S,16.130,200
976,61,2025-10-17,2025-10-17 14:02:23,300180.SZ,B,7.210,100
977,52,2025-10-17,2025-10-17 14:02:13,300593.SZ,B,18.900,200
978,52,2025-10-17,2025-10-17 14:02:13,300593.SZ,B,18.900,100
979,63,2025-10-17,2025-10-17 14:02:11,300432.SZ,B,17.920,300
980,61,2025-10-17,2025-10-17 14:02:01,601975.SH,S,3.170,100
981,61,2025-10-17,2025-10-17 14:01:59,600577.SH,B,9.650,600
982,58,2025-10-17,2025-10-17 14:01:57,601618.SH,B,3.730,300
983,63,2025-10-17,2025-10-17 14:01:50,300413.SZ,B,29.600,300
984,58,2025-10-17,2025-10-17 14:01:49,002396.SZ,B,27.090,400
985,63,2025-10-17,2025-10-17 14:01:50,601728.SH,S,6.910,100
986,61,2025-10-17,2025-10-17 14:01:47,002361.SZ,S,6.530,100
987,58,2025-10-17,2025-10-17 14:01:46,002722.SZ,S,15.530,100
988,63,2025-10-17,2025-10-17 14:01:45,601939.SH,S,9.240,100
989,61,2025-10-17,2025-10-17 14:01:43,002722.SZ,S,15.530,100
990,59,2025-10-17,2025-10-17 14:01:43,300575.SZ,S,6.410,200
991,61,2025-10-17,2025-10-17 14:01:42,002629.SZ,B,8.080,100
992,63,2025-10-17,2025-10-17 14:01:43,600111.SH,S,53.050,200
993,63,2025-10-17,2025-10-17 14:01:42,000878.SZ,S,18.020,100
994,61,2025-10-17,2025-10-17 14:01:42,000685.SZ,S,12.780,100
995,63,2025-10-17,2025-10-17 14:01:42,000685.SZ,S,12.780,200
996,61,2025-10-17,2025-10-17 14:01:43,300830.SZ,B,10.320,100
997,61,2025-10-17,2025-10-17 14:01:41,300575.SZ,S,6.410,600
998,58,2025-10-17,2025-10-17 14:01:37,688556.SH,B,11.420,500
999,61,2025-10-17,2025-10-17 14:01:37,601900.SH,S,13.300,100
1000,63,2025-10-17,2025-10-17 14:01:38,601992.SH,S,1.740,100
1001,61,2025-10-17,2025-10-17 14:01:37,002772.SZ,S,10.010,400
1002,59,2025-10-17,2025-10-17 14:01:37,002772.SZ,S,10.010,100
1003,63,2025-10-17,2025-10-17 14:01:37,600415.SH,B,19.340,300
1004,58,2025-10-17,2025-10-17 14:01:34,002396.SZ,B,27.110,300
1005,58,2025-10-17,2025-10-17 14:01:35,601615.SH,S,15.480,400
1006,58,2025-10-17,2025-10-17 14:01:31,002654.SZ,S,15.700,600
1007,58,2025-10-17,2025-10-17 14:01:31,002654.SZ,S,15.710,100
1008,58,2025-10-17,2025-10-17 14:01:31,300575.SZ,S,6.410,600
1009,61,2025-10-17,2025-10-17 14:01:32,002345.SZ,B,14.620,100
1010,63,2025-10-17,2025-10-17 14:01:32,003816.SZ,S,3.970,100
1011,61,2025-10-17,2025-10-17 14:01:30,600335.SH,B,6.000,100
1012,58,2025-10-17,2025-10-17 14:01:30,688556.SH,B,11.420,100
1013,52,2025-10-17,2025-10-17 14:01:17,600577.SH,B,9.660,500
1014,61,2025-10-17,2025-10-17 14:01:28,300302.SZ,S,22.310,100
1015,52,2025-10-17,2025-10-17 14:01:24,002654.SZ,S,15.720,100
1016,63,2025-10-17,2025-10-17 14:01:24,002255.SZ,S,8.510,100
1017,58,2025-10-17,2025-10-17 14:01:22,600537.SH,B,3.980,1300
1018,58,2025-10-17,2025-10-17 14:01:22,600207.SH,B,5.120,300
1019,58,2025-10-17,2025-10-17 14:01:21,601121.SH,S,7.140,200
1020,58,2025-10-17,2025-10-17 14:01:21,601121.SH,S,7.140,100
1021,58,2025-10-17,2025-10-17 14:01:21,601121.SH,S,7.140,200
1022,58,2025-10-17,2025-10-17 14:01:20,600595.SH,S,6.020,1300
1023,61,2025-10-17,2025-10-17 14:01:19,300703.SZ,B,29.130,100
1024,58,2025-10-17,2025-10-17 14:01:19,600207.SH,B,5.120,200
1025,58,2025-10-17,2025-10-17 14:01:19,600207.SH,B,5.120,200
1026,63,2025-10-17,2025-10-17 14:01:19,601899.SH,S,30.380,100
1027,63,2025-10-17,2025-10-17 14:01:17,600016.SH,S,4.030,100
1028,63,2025-10-17,2025-10-17 14:01:17,601018.SH,S,3.790,100
1029,63,2025-10-17,2025-10-17 14:01:17,000960.SZ,B,22.390,300
1030,58,2025-10-17,2025-10-17 14:01:18,600207.SH,B,5.120,100
1031,58,2025-10-17,2025-10-17 14:01:18,600207.SH,B,5.120,100
1032,58,2025-10-17,2025-10-17 14:01:18,000702.SZ,S,7.120,400
1033,52,2025-10-17,2025-10-17 14:01:17,600022.SH,B,1.610,500
1034,52,2025-10-17,2025-10-17 14:01:17,300575.SZ,S,6.410,200
1035,52,2025-10-17,2025-10-17 14:01:17,002396.SZ,B,27.130,300
1036,52,2025-10-17,2025-10-17 14:01:16,000702.SZ,S,7.120,100
1037,61,2025-10-17,2025-10-17 14:01:15,000897.SZ,S,2.280,100
1038,61,2025-10-17,2025-10-17 14:01:15,000702.SZ,S,7.120,400
1039,59,2025-10-17,2025-10-17 14:01:14,000702.SZ,S,7.120,100
1040,61,2025-10-17,2025-10-17 13:58:34,600797.SH,B,10.230,1800
1041,59,2025-10-17,2025-10-17 13:58:31,688428.SH,B,23.960,19
1042,59,2025-10-17,2025-10-17 13:58:31,688428.SH,B,23.960,210
1043,59,2025-10-17,2025-10-17 13:58:31,688428.SH,B,23.960,212
1044,59,2025-10-17,2025-10-17 13:58:30,600157.SH,S,1.640,2100
1045,61,2025-10-17,2025-10-17 13:58:30,000659.SZ,S,2.800,1600
1046,63,2025-10-17,2025-10-17 13:58:30,601818.SH,S,3.450,100
1047,61,2025-10-17,2025-10-17 13:58:30,600157.SH,S,1.640,5700
1048,59,2025-10-17,2025-10-17 13:58:30,000659.SZ,S,2.800,600
1049,52,2025-10-17,2025-10-17 13:58:29,600157.SH,S,1.640,4000
1050,58,2025-10-17,2025-10-17 13:58:25,002919.SZ,S,17.540,100
1051,61,2025-10-17,2025-10-17 13:58:22,601929.SH,B,3.540,2700
1052,58,2025-10-17,2025-10-17 13:58:21,002919.SZ,S,17.540,80
1053,58,2025-10-17,2025-10-17 13:58:21,002497.SZ,B,16.050,200
1054,58,2025-10-17,2025-10-17 13:58:20,600667.SH,B,7.980,600
1055,58,2025-10-17,2025-10-17 13:58:20,600667.SH,B,7.980,600
1056,61,2025-10-17,2025-10-17 13:58:20,603269.SH,S,13.540,300
1057,58,2025-10-17,2025-10-17 13:58:19,002919.SZ,S,17.540,100
1058,63,2025-10-17,2025-10-17 13:58:18,600111.SH,S,53.150,100
1059,58,2025-10-17,2025-10-17 13:58:18,603269.SH,S,13.550,600
1060,58,2025-10-17,2025-10-17 13:58:18,603269.SH,S,13.550,200
1061,58,2025-10-17,2025-10-17 13:58:16,688596.SH,B,42.040,187
1062,58,2025-10-17,2025-10-17 13:58:16,688596.SH,B,42.040,210
1063,61,2025-10-17,2025-10-17 13:58:16,002629.SZ,S,8.050,1400
1064,58,2025-10-17,2025-10-17 13:58:15,002629.SZ,S,8.050,1300
1065,58,2025-10-17,2025-10-17 13:58:15,002629.SZ,S,8.050,200
1066,58,2025-10-17,2025-10-17 13:58:15,002919.SZ,S,17.540,400
1067,58,2025-10-17,2025-10-17 13:58:15,002629.SZ,S,8.050,200
1068,58,2025-10-17,2025-10-17 13:58:14,000882.SZ,S,1.960,1200
1069,58,2025-10-17,2025-10-17 13:58:12,600797.SH,B,10.230,700
1070,58,2025-10-17,2025-10-17 13:58:12,002919.SZ,S,17.540,200
1071,58,2025-10-17,2025-10-17 13:58:09,002919.SZ,S,17.550,100
1072,58,2025-10-17,2025-10-17 13:58:09,002919.SZ,S,17.550,100
1073,61,2025-10-17,2025-10-17 13:58:07,601339.SH,S,5.560,100
1074,52,2025-10-17,2025-10-17 13:58:07,000659.SZ,S,2.800,500
1075,63,2025-10-17,2025-10-17 13:58:04,300818.SZ,S,29.810,200
1076,63,2025-10-17,2025-10-17 13:58:01,300818.SZ,S,29.810,100
1077,61,2025-10-17,2025-10-17 13:58:01,002497.SZ,B,16.010,600
1078,58,2025-10-17,2025-10-17 13:58:00,002558.SZ,B,38.880,100
1079,61,2025-10-17,2025-10-17 13:58:00,603076.SH,S,24.730,100
1080,61,2025-10-17,2025-10-17 13:58:00,603076.SH,S,24.730,100
1081,61,2025-10-17,2025-10-17 13:58:00,002380.SZ,B,26.900,400
1082,52,2025-10-17,2025-10-17 13:58:00,002629.SZ,S,8.070,600
1083,63,2025-10-17,2025-10-17 13:57:54,601225.SH,B,22.510,500
1084,63,2025-10-17,2025-10-17 13:57:54,601225.SH,B,22.510,600
1085,63,2025-10-17,2025-10-17 13:57:54,601225.SH,B,22.510,400
1086,58,2025-10-17,2025-10-17 13:57:50,600667.SH,B,7.990,300
1087,58,2025-10-17,2025-10-17 13:57:50,600667.SH,B,7.990,500
1088,61,2025-10-17,2025-10-17 13:57:50,688428.SH,B,23.930,379
1089,59,2025-10-17,2025-10-17 13:57:49,002919.SZ,S,17.530,200
1090,61,2025-10-17,2025-10-17 13:57:49,002919.SZ,S,17.530,1000
1091,61,2025-10-17,2025-10-17 13:57:48,002629.SZ,S,8.070,1000
1092,61,2025-10-17,2025-10-17 13:57:48,301356.SZ,B,23.080,100
1093,61,2025-10-17,2025-10-17 13:57:47,600844.SH,B,2.960,100
1094,58,2025-10-17,2025-10-17 13:57:46,600157.SH,S,1.640,6400
1095,58,2025-10-17,2025-10-17 13:57:45,002380.SZ,B,26.890,100
1096,61,2025-10-17,2025-10-17 13:57:45,000100.SZ,S,4.130,100
1097,63,2025-10-17,2025-10-17 13:57:41,000425.SZ,S,11.190,500
1098,61,2025-10-17,2025-10-17 13:57:36,600537.SH,S,3.980,500
1099,61,2025-10-17,2025-10-17 13:57:01,300593.SZ,B,18.910,100
1100,61,2025-10-17,2025-10-17 13:57:01,300593.SZ,B,18.910,100
1101,61,2025-10-17,2025-10-17 13:57:00,300792.SZ,B,33.090,100
1102,61,2025-10-17,2025-10-17 13:56:59,688428.SH,B,23.920,386
1103,61,2025-10-17,2025-10-17 13:56:57,688428.SH,B,23.920,14
1104,61,2025-10-17,2025-10-17 13:56:50,603269.SH,S,13.560,100
1105,61,2025-10-17,2025-10-17 13:56:50,603269.SH,S,13.560,100
1106,61,2025-10-17,2025-10-17 13:56:50,603269.SH,S,13.560,500
1107,61,2025-10-17,2025-10-17 13:56:50,603269.SH,S,13.560,100
1108,61,2025-10-17,2025-10-17 13:56:50,603269.SH,S,13.560,300
1109,59,2025-10-17,2025-10-17 13:56:15,002358.SZ,B,5.020,2800
1110,59,2025-10-17,2025-10-17 13:56:15,002358.SZ,B,5.020,1700
1111,63,2025-10-17,2025-10-17 13:55:26,600028.SH,S,5.440,100
1112,63,2025-10-17,2025-10-17 13:55:26,601390.SH,S,5.710,100
1113,63,2025-10-17,2025-10-17 13:55:25,601868.SH,S,2.460,100
1114,63,2025-10-17,2025-10-17 13:55:25,002916.SZ,S,198.020,100
1115,59,2025-10-17,2025-10-17 13:55:23,601929.SH,S,3.530,100
1116,58,2025-10-17,2025-10-17 13:54:57,600667.SH,B,7.970,600
1117,58,2025-10-17,2025-10-17 13:54:51,000659.SZ,S,2.810,1800
1118,63,2025-10-17,2025-10-17 13:54:45,000877.SZ,S,6.420,100
1119,63,2025-10-17,2025-10-17 13:54:41,600019.SH,B,7.170,200
1120,58,2025-10-17,2025-10-17 13:54:38,002384.SZ,B,60.310,100
1121,58,2025-10-17,2025-10-17 13:54:35,002752.SZ,S,5.620,700
1122,63,2025-10-17,2025-10-17 13:54:22,600111.SH,S,53.240,100
1123,58,2025-10-17,2025-10-17 13:54:18,002380.SZ,B,26.910,100
1124,58,2025-10-17,2025-10-17 13:53:51,002752.SZ,S,5.620,300
1125,58,2025-10-17,2025-10-17 13:53:49,002752.SZ,S,5.620,200
1126,58,2025-10-17,2025-10-17 13:53:43,002752.SZ,S,5.620,100
1127,58,2025-10-17,2025-10-17 13:53:43,002752.SZ,S,5.620,100
1128,58,2025-10-17,2025-10-17 13:53:43,002752.SZ,S,5.620,100
1129,58,2025-10-17,2025-10-17 13:53:29,600797.SH,B,10.240,1300
1130,61,2025-10-17,2025-10-17 13:53:25,002345.SZ,S,14.680,100
1131,58,2025-10-17,2025-10-17 13:53:09,600797.SH,B,10.240,300
1132,58,2025-10-17,2025-10-17 13:52:50,300541.SZ,B,16.130,200
1133,58,2025-10-17,2025-10-17 13:52:49,688596.SH,B,42.110,200
1134,61,2025-10-17,2025-10-17 13:52:45,601003.SH,S,5.320,100
1135,58,2025-10-17,2025-10-17 13:52:35,000035.SZ,S,5.900,500
1136,58,2025-10-17,2025-10-17 13:52:42,002629.SZ,S,8.090,1400
1137,58,2025-10-17,2025-10-17 13:52:35,000035.SZ,S,5.900,100
1138,58,2025-10-17,2025-10-17 13:52:35,000035.SZ,S,5.900,1400
1139,58,2025-10-17,2025-10-17 13:52:35,000035.SZ,S,5.900,600
1140,63,2025-10-17,2025-10-17 13:52:32,601929.SH,B,3.530,100
1141,58,2025-10-17,2025-10-17 13:52:32,603626.SH,B,12.800,200
1142,63,2025-10-17,2025-10-17 13:52:31,601929.SH,B,3.530,300
1143,58,2025-10-17,2025-10-17 13:52:30,603626.SH,B,12.800,200
1144,58,2025-10-17,2025-10-17 13:52:26,688596.SH,B,42.110,200
1145,58,2025-10-17,2025-10-17 13:52:07,603076.SH,S,24.760,100
1146,61,2025-10-17,2025-10-17 13:52:05,603626.SH,B,12.800,300
1147,61,2025-10-17,2025-10-17 13:52:04,600022.SH,B,1.610,100
1148,61,2025-10-17,2025-10-17 13:52:03,000757.SZ,B,5.390,100
1149,58,2025-10-17,2025-10-17 13:51:56,002629.SZ,S,8.080,1700
1150,52,2025-10-17,2025-10-17 13:51:50,603766.SH,S,13.900,100
1151,61,2025-10-17,2025-10-17 13:51:46,002384.SZ,B,60.290,100
1152,58,2025-10-17,2025-10-17 13:51:41,600022.SH,B,1.610,200
1153,61,2025-10-17,2025-10-17 13:51:40,002919.SZ,S,17.590,200
1154,61,2025-10-17,2025-10-17 13:51:37,300541.SZ,B,16.140,300
1155,58,2025-10-17,2025-10-17 13:51:27,002384.SZ,B,60.360,100
1156,61,2025-10-17,2025-10-17 13:51:26,000681.SZ,S,22.320,100
1157,59,2025-10-17,2025-10-17 13:51:23,603766.SH,S,13.900,100
1158,61,2025-10-17,2025-10-17 13:51:23,603766.SH,S,13.900,300
1159,58,2025-10-17,2025-10-17 13:51:22,603766.SH,S,13.900,300
1160,61,2025-10-17,2025-10-17 13:51:20,300593.SZ,B,18.950,200
1161,58,2025-10-17,2025-10-17 13:51:20,002380.SZ,B,26.920,100
1162,58,2025-10-17,2025-10-17 13:51:20,002380.SZ,B,26.920,100
1163,58,2025-10-17,2025-10-17 13:51:20,603823.SH,B,15.540,200
1164,63,2025-10-17,2025-10-17 13:51:14,300818.SZ,S,30.010,200
1165,58,2025-10-17,2025-10-17 13:51:13,002919.SZ,S,17.610,220
1166,52,2025-10-17,2025-10-17 13:51:10,002919.SZ,S,17.600,300
1167,61,2025-10-17,2025-10-17 13:51:10,603151.SH,S,25.520,100
1168,61,2025-10-17,2025-10-17 13:51:07,300885.SZ,B,22.200,100
1169,59,2025-10-17,2025-10-17 13:51:02,605488.SH,S,31.120,100
1170,61,2025-10-17,2025-10-17 13:51:02,605488.SH,S,31.120,100
1171,61,2025-10-17,2025-10-17 13:51:01,002146.SZ,B,1.570,100
1172,61,2025-10-17,2025-10-17 13:50:56,600166.SH,B,2.670,100
1173,63,2025-10-17,2025-10-17 13:50:53,600276.SH,B,65.410,200
1174,58,2025-10-17,2025-10-17 13:50:52,002558.SZ,B,38.940,100
1175,58,2025-10-17,2025-10-17 13:50:51,002497.SZ,B,15.910,400
1176,58,2025-10-17,2025-10-17 13:50:51,603269.SH,S,13.550,1000
1177,58,2025-10-17,2025-10-17 13:50:51,603269.SH,S,13.550,300
1178,58,2025-10-17,2025-10-17 13:50:50,300593.SZ,B,18.960,400
1179,58,2025-10-17,2025-10-17 13:50:50,603269.SH,S,13.550,400
1180,58,2025-10-17,2025-10-17 13:50:50,603269.SH,S,13.550,200
1181,52,2025-10-17,2025-10-17 13:50:48,002186.SZ,S,11.250,100
1182,63,2025-10-17,2025-10-17 13:50:36,000425.SZ,S,11.180,500
1183,63,2025-10-17,2025-10-17 13:50:36,000425.SZ,S,11.190,200
1184,63,2025-10-17,2025-10-17 13:50:36,000425.SZ,S,11.190,100
1185,63,2025-10-17,2025-10-17 13:50:36,000425.SZ,S,11.190,100
1186,63,2025-10-17,2025-10-17 13:50:36,000425.SZ,S,11.190,200
1187,61,2025-10-17,2025-10-17 13:50:26,002232.SZ,B,20.650,400
1188,59,2025-10-17,2025-10-17 13:50:25,603269.SH,S,13.550,100
1189,59,2025-10-17,2025-10-17 13:50:25,603269.SH,S,13.550,100
1190,59,2025-10-17,2025-10-17 13:50:25,603269.SH,S,13.550,100
1191,59,2025-10-17,2025-10-17 13:50:25,603269.SH,S,13.550,100
1192,59,2025-10-17,2025-10-17 13:50:25,603269.SH,S,13.550,100
1193,59,2025-10-17,2025-10-17 13:50:25,603269.SH,S,13.550,100
1194,61,2025-10-17,2025-10-17 13:50:25,603269.SH,S,13.550,400
1195,61,2025-10-17,2025-10-17 13:50:25,603269.SH,S,13.550,200
1196,61,2025-10-17,2025-10-17 13:50:25,603269.SH,S,13.550,100
1197,61,2025-10-17,2025-10-17 13:50:25,603269.SH,S,13.550,200
1198,61,2025-10-17,2025-10-17 13:50:25,603269.SH,S,13.550,100
1199,52,2025-10-17,2025-10-17 13:50:25,002629.SZ,S,8.090,600
1200,61,2025-10-17,2025-10-17 13:50:03,601618.SH,B,3.720,100
1201,52,2025-10-17,2025-10-17 13:46:32,000035.SZ,S,5.910,1000
1202,61,2025-10-17,2025-10-17 13:49:52,603823.SH,B,15.520,100
1203,63,2025-10-17,2025-10-17 13:49:52,300250.SZ,B,23.430,200
1204,61,2025-10-17,2025-10-17 13:49:50,600239.SH,B,2.550,100
1205,61,2025-10-17,2025-10-17 13:49:25,300088.SZ,S,6.130,100
1206,61,2025-10-17,2025-10-17 13:49:13,300421.SZ,B,19.200,100
1207,52,2025-10-17,2025-10-17 13:49:06,603269.SH,S,13.560,500
1208,52,2025-10-17,2025-10-17 13:49:06,603269.SH,S,13.560,100
1209,52,2025-10-17,2025-10-17 13:49:06,603269.SH,S,13.560,300
1210,58,2025-10-17,2025-10-17 13:49:04,002195.SZ,B,7.090,200
1211,59,2025-10-17,2025-10-17 13:48:59,688428.SH,B,23.900,200
1212,61,2025-10-17,2025-10-17 13:48:59,688428.SH,B,23.900,200
1213,61,2025-10-17,2025-10-17 13:48:54,002162.SZ,B,4.240,100
1214,61,2025-10-17,2025-10-17 13:48:53,300657.SZ,B,29.370,100
1215,61,2025-10-17,2025-10-17 13:48:52,300818.SZ,B,30.010,100
1216,61,2025-10-17,2025-10-17 13:48:50,002276.SZ,B,17.210,400
1217,61,2025-10-17,2025-10-17 13:48:50,000882.SZ,S,1.970,1100
1218,59,2025-10-17,2025-10-17 13:48:50,000882.SZ,S,1.970,400
1219,52,2025-10-17,2025-10-17 13:46:16,000882.SZ,S,1.970,400
1220,52,2025-10-17,2025-10-17 13:48:09,603286.SH,S,43.390,100
1221,61,2025-10-17,2025-10-17 13:48:45,002629.SZ,S,8.090,2000
1222,61,2025-10-17,2025-10-17 13:48:29,600335.SH,S,6.010,100
1223,58,2025-10-17,2025-10-17 13:48:28,603595.SH,B,21.280,200
1224,58,2025-10-17,2025-10-17 13:48:27,605488.SH,S,31.100,100
1225,63,2025-10-17,2025-10-17 13:48:23,601998.SH,S,7.810,100
1226,59,2025-10-17,2025-10-17 13:48:19,002629.SZ,S,8.090,100
1227,59,2025-10-17,2025-10-17 13:48:19,002629.SZ,S,8.090,100
1228,59,2025-10-17,2025-10-17 13:48:19,002629.SZ,S,8.090,100
1229,59,2025-10-17,2025-10-17 13:48:19,002629.SZ,S,8.090,100
1230,59,2025-10-17,2025-10-17 13:48:19,002629.SZ,S,8.090,100
1231,59,2025-10-17,2025-10-17 13:48:14,002629.SZ,S,8.090,300
1232,59,2025-10-17,2025-10-17 13:48:14,002629.SZ,S,8.090,100
1233,59,2025-10-17,2025-10-17 13:48:09,688428.SH,B,23.890,200
1234,61,2025-10-17,2025-10-17 13:48:08,002506.SZ,S,2.470,100
1235,59,2025-10-17,2025-10-17 13:48:01,002629.SZ,S,8.090,100
1236,59,2025-10-17,2025-10-17 13:48:01,002629.SZ,S,8.090,100
1237,52,2025-10-17,2025-10-17 13:47:48,002752.SZ,S,5.610,300
1238,59,2025-10-17,2025-10-17 13:47:54,002629.SZ,S,8.090,600
1239,63,2025-10-17,2025-10-17 13:47:45,601225.SH,B,22.460,1300
1240,52,2025-10-17,2025-10-17 13:46:45,002316.SZ,S,5.240,100
1241,61,2025-10-17,2025-10-17 13:47:43,603119.SH,B,91.470,100
1242,61,2025-10-17,2025-10-17 13:47:40,300043.SZ,B,6.230,100
1243,58,2025-10-17,2025-10-17 13:47:38,688428.SH,B,23.880,62
1244,61,2025-10-17,2025-10-17 13:47:37,003019.SZ,B,32.510,100
1245,52,2025-10-17,2025-10-17 13:46:16,600797.SH,B,10.210,500
1246,52,2025-10-17,2025-10-17 13:46:16,600797.SH,B,10.210,500
1247,58,2025-10-17,2025-10-17 13:47:32,300432.SZ,B,17.940,1100
1248,58,2025-10-17,2025-10-17 13:47:29,688428.SH,B,23.880,200
1249,58,2025-10-17,2025-10-17 13:47:29,688428.SH,B,23.880,338
1250,61,2025-10-17,2025-10-17 13:47:25,600895.SH,B,44.170,100
1251,63,2025-10-17,2025-10-17 13:47:23,603618.SH,S,8.460,100
1252,61,2025-10-17,2025-10-17 13:47:21,002195.SZ,B,7.080,300
1253,58,2025-10-17,2025-10-17 13:47:19,001309.SZ,S,183.960,100
1254,61,2025-10-17,2025-10-17 13:47:17,002752.SZ,S,5.610,1300
1255,59,2025-10-17,2025-10-17 13:47:17,002752.SZ,S,5.610,500
1256,58,2025-10-17,2025-10-17 13:47:14,002722.SZ,S,15.530,100
1257,61,2025-10-17,2025-10-17 13:47:13,002722.SZ,S,15.530,100
1258,63,2025-10-17,2025-10-17 13:47:12,601328.SH,S,6.990,100
1259,58,2025-10-17,2025-10-17 13:47:07,300250.SZ,S,23.410,100
1260,63,2025-10-17,2025-10-17 13:47:11,601985.SH,S,9.050,100
1261,63,2025-10-17,2025-10-17 13:47:09,601717.SH,S,23.450,100
1262,61,2025-10-17,2025-10-17 13:47:06,002420.SZ,B,7.650,100
1263,61,2025-10-17,2025-10-17 13:47:04,002452.SZ,S,7.600,100
1264,59,2025-10-17,2025-10-17 13:47:03,600601.SH,S,9.590,400
1265,63,2025-10-17,2025-10-17 13:47:03,000630.SZ,S,5.290,100
1266,61,2025-10-17,2025-10-17 13:47:03,600601.SH,S,9.590,600
1267,63,2025-10-17,2025-10-17 13:47:01,601816.SH,S,5.190,100
1268,63,2025-10-17,2025-10-17 13:46:59,601229.SH,S,9.500,100
1269,61,2025-10-17,2025-10-17 13:46:54,002701.SZ,B,6.320,100
1270,63,2025-10-17,2025-10-17 13:46:53,601288.SH,S,7.560,100
1271,63,2025-10-17,2025-10-17 13:46:50,601618.SH,S,3.730,100
1272,59,2025-10-17,2025-10-17 13:46:48,002186.SZ,S,11.230,100
1273,58,2025-10-17,2025-10-17 13:46:48,002186.SZ,S,11.230,400
1274,61,2025-10-17,2025-10-17 13:46:48,002186.SZ,S,11.230,300
1275,61,2025-10-17,2025-10-17 13:46:47,002947.SZ,B,42.270,100
1276,58,2025-10-17,2025-10-17 13:46:44,603151.SH,S,25.500,100
1277,61,2025-10-17,2025-10-17 13:46:34,002975.SZ,B,53.740,100
1278,61,2025-10-17,2025-10-17 13:46:33,002631.SZ,B,5.550,100
1279,58,2025-10-17,2025-10-17 13:46:28,600601.SH,S,9.590,600
1280,58,2025-10-17,2025-10-17 13:46:28,600601.SH,S,9.590,100
1281,63,2025-10-17,2025-10-17 13:46:24,600111.SH,S,53.170,100
1282,63,2025-10-17,2025-10-17 13:46:23,600111.SH,S,53.170,100
1283,63,2025-10-17,2025-10-17 13:46:18,600438.SH,B,23.880,200
1284,61,2025-10-17,2025-10-17 13:46:17,300410.SZ,B,8.700,100
1285,59,2025-10-17,2025-10-17 13:46:16,300432.SZ,B,17.960,700
1286,63,2025-10-17,2025-10-17 13:46:16,002207.SZ,S,8.500,200
1287,58,2025-10-17,2025-10-17 13:46:15,601929.SH,B,3.530,400
1288,58,2025-10-17,2025-10-17 13:46:15,002276.SZ,B,17.200,400
1289,61,2025-10-17,2025-10-17 13:46:15,000035.SZ,S,5.910,2400
1290,63,2025-10-17,2025-10-17 13:46:15,603993.SH,B,15.160,200
1291,61,2025-10-17,2025-10-17 13:46:15,300464.SZ,S,7.370,100
1292,59,2025-10-17,2025-10-17 13:46:14,000035.SZ,S,5.910,900
1293,61,2025-10-17,2025-10-17 13:43:30,600256.SH,B,5.290,100
1294,61,2025-10-17,2025-10-17 13:43:30,000778.SZ,B,3.920,100
1295,52,2025-10-17,2025-10-17 13:43:29,000882.SZ,S,1.970,100
1296,61,2025-10-17,2025-10-17 13:43:08,601339.SH,B,5.590,100
1297,58,2025-10-17,2025-10-17 13:43:07,000923.SZ,S,17.610,200
1298,58,2025-10-17,2025-10-17 13:43:03,300250.SZ,B,23.400,200
1299,61,2025-10-17,2025-10-17 13:42:47,600022.SH,B,1.620,100
1300,63,2025-10-17,2025-10-17 13:42:46,601868.SH,S,2.460,100
1301,63,2025-10-17,2025-10-17 13:42:45,601916.SH,S,3.080,100
1302,63,2025-10-17,2025-10-17 13:41:40,601939.SH,S,9.250,400
1303,58,2025-10-17,2025-10-17 13:41:20,600667.SH,B,7.910,200
1304,58,2025-10-17,2025-10-17 13:41:20,600667.SH,B,7.910,200
1305,63,2025-10-17,2025-10-17 13:41:17,601018.SH,S,3.800,100
1306,63,2025-10-17,2025-10-17 13:41:15,000425.SZ,B,11.270,1600
1307,61,2025-10-17,2025-10-17 13:41:00,603026.SH,B,58.160,100
1308,58,2025-10-17,2025-10-17 13:40:48,000931.SZ,S,5.240,200
1309,61,2025-10-17,2025-10-17 13:40:49,000923.SZ,S,17.630,100
1310,61,2025-10-17,2025-10-17 13:40:49,000923.SZ,S,17.630,200
1311,58,2025-10-17,2025-10-17 13:40:34,301356.SZ,S,23.070,200
1312,61,2025-10-17,2025-10-17 13:40:32,002752.SZ,S,5.630,500
1313,59,2025-10-17,2025-10-17 13:40:32,002752.SZ,S,5.630,200
1314,61,2025-10-17,2025-10-17 13:39:54,603725.SH,B,10.520,100
1315,59,2025-10-17,2025-10-17 13:39:50,600239.SH,S,2.550,1400
1316,59,2025-10-17,2025-10-17 13:39:43,601929.SH,B,3.530,700
1317,63,2025-10-17,2025-10-17 13:39:31,601939.SH,S,9.240,100
1318,63,2025-10-17,2025-10-17 13:39:31,601939.SH,S,9.240,300
1319,63,2025-10-17,2025-10-17 13:39:31,601939.SH,S,9.240,200
1320,63,2025-10-17,2025-10-17 13:39:29,000056.SZ,S,2.360,100
1321,58,2025-10-17,2025-10-17 13:39:26,002722.SZ,S,15.570,100
1322,61,2025-10-17,2025-10-17 13:39:22,600986.SH,B,7.990,100
1323,61,2025-10-17,2025-10-17 13:39:22,300289.SZ,B,7.660,100
1324,61,2025-10-17,2025-10-17 13:39:15,000931.SZ,S,5.250,200
1325,63,2025-10-17,2025-10-17 13:38:29,601398.SH,S,7.610,100
1326,61,2025-10-17,2025-10-17 13:38:27,300088.SZ,B,6.130,100
1327,61,2025-10-17,2025-10-17 13:38:24,002392.SZ,B,8.950,100
1328,61,2025-10-17,2025-10-17 13:38:20,300421.SZ,S,19.320,100
1329,61,2025-10-17,2025-10-17 13:38:16,603127.SH,B,32.850,100
1330,61,2025-10-17,2025-10-17 13:38:16,600601.SH,B,9.590,500
1331,61,2025-10-17,2025-10-17 13:38:07,002207.SZ,S,8.600,700
1332,61,2025-10-17,2025-10-17 13:38:06,301356.SZ,S,23.040,100
1333,61,2025-10-17,2025-10-17 13:38:02,000100.SZ,B,4.140,100
1334,58,2025-10-17,2025-10-17 13:37:43,002752.SZ,S,5.620,500
1335,52,2025-10-17,2025-10-17 13:37:28,002752.SZ,S,5.620,300
1336,58,2025-10-17,2025-10-17 13:37:39,600601.SH,B,9.600,400
1337,61,2025-10-17,2025-10-17 13:37:32,002063.SZ,B,6.280,100
1338,61,2025-10-17,2025-10-17 13:37:29,600495.SH,B,4.990,100
1339,61,2025-10-17,2025-10-17 13:37:28,601003.SH,B,5.300,100
1340,63,2025-10-17,2025-10-17 13:37:26,601169.SH,S,5.760,100
1341,58,2025-10-17,2025-10-17 13:37:20,600601.SH,B,9.600,600
1342,52,2025-10-17,2025-10-17 13:36:08,600537.SH,S,3.990,100
1343,52,2025-10-17,2025-10-17 13:36:08,600537.SH,S,3.990,300
1344,58,2025-10-17,2025-10-17 13:36:51,300250.SZ,B,23.410,400
1345,58,2025-10-17,2025-10-17 13:36:51,600537.SH,S,3.990,200
1346,58,2025-10-17,2025-10-17 13:36:48,300432.SZ,B,18.060,300
1347,58,2025-10-17,2025-10-17 13:36:47,300432.SZ,B,18.060,100
1348,58,2025-10-17,2025-10-17 13:36:45,002207.SZ,S,8.440,2100
1349,61,2025-10-17,2025-10-17 13:36:42,688611.SH,B,37.190,10
1350,59,2025-10-17,2025-10-17 13:36:35,600537.SH,S,3.990,400
1351,59,2025-10-17,2025-10-17 13:36:32,600537.SH,S,3.990,100
1352,61,2025-10-17,2025-10-17 13:36:17,600251.SH,B,8.850,100
1353,61,2025-10-17,2025-10-17 13:36:05,600537.SH,B,3.990,1200
1354,61,2025-10-17,2025-10-17 13:36:04,002695.SZ,S,12.630,100
1355,58,2025-10-17,2025-10-17 13:36:02,603607.SH,S,23.470,200
1356,61,2025-10-17,2025-10-17 13:35:41,688611.SH,B,37.190,200
1357,61,2025-10-17,2025-10-17 13:35:41,688611.SH,B,37.190,200
1358,61,2025-10-17,2025-10-17 13:35:38,600239.SH,S,2.550,500
1359,61,2025-10-17,2025-10-17 13:35:37,600239.SH,S,2.550,100
1360,61,2025-10-17,2025-10-17 13:35:37,600239.SH,S,2.550,100
1361,61,2025-10-17,2025-10-17 13:35:37,600239.SH,S,2.550,100
1362,61,2025-10-17,2025-10-17 13:35:35,600239.SH,S,2.550,100
1363,61,2025-10-17,2025-10-17 13:35:35,600239.SH,S,2.550,100
1364,61,2025-10-17,2025-10-17 13:35:34,600239.SH,S,2.550,600
1365,61,2025-10-17,2025-10-17 13:35:33,600239.SH,S,2.550,100
1366,61,2025-10-17,2025-10-17 13:35:32,600239.SH,S,2.550,200
1367,61,2025-10-17,2025-10-17 13:35:32,600239.SH,S,2.550,100
1368,61,2025-10-17,2025-10-17 13:35:32,600239.SH,S,2.550,1800
1369,61,2025-10-17,2025-10-17 13:35:14,300818.SZ,B,29.880,200
1370,59,2025-10-17,2025-10-17 13:35:09,002140.SZ,B,11.890,700
1371,52,2025-10-17,2025-10-17 13:34:13,000923.SZ,S,17.660,200
1372,61,2025-10-17,2025-10-17 13:35:01,300003.SZ,B,17.490,100
1373,63,2025-10-17,2025-10-17 13:34:57,600000.SH,S,13.310,100
1374,60,2025-10-17,2025-10-17 13:34:30,600256.SH,B,5.290,1099
1375,60,2025-10-17,2025-10-17 13:34:30,600256.SH,B,5.290,401
1376,59,2025-10-17,2025-10-17 13:34:18,002172.SZ,S,4.070,100
1377,61,2025-10-17,2025-10-17 13:34:18,002172.SZ,S,4.070,300
1378,59,2025-10-17,2025-10-17 13:34:16,603766.SH,S,13.960,100
1379,61,2025-10-17,2025-10-17 13:34:16,603766.SH,S,13.960,100
1380,61,2025-10-17,2025-10-17 13:34:16,603766.SH,S,13.960,100
1381,60,2025-10-17,2025-10-17 13:34:01,601398.SH,B,7.640,400
1382,60,2025-10-17,2025-10-17 13:34:00,002468.SZ,B,16.140,200
1383,60,2025-10-17,2025-10-17 13:34:00,002384.SZ,B,60.610,100
1384,59,2025-10-17,2025-10-17 13:33:55,000681.SZ,B,22.310,200
1385,60,2025-10-17,2025-10-17 13:33:55,600050.SH,B,5.500,1200
1386,61,2025-10-17,2025-10-17 13:33:55,000681.SZ,B,22.310,300
1387,61,2025-10-17,2025-10-17 13:33:48,300773.SZ,B,23.520,100
1388,60,2025-10-17,2025-10-17 13:33:47,600582.SH,B,6.040,100
1389,60,2025-10-17,2025-10-17 13:33:47,002498.SZ,B,3.590,100
1390,60,2025-10-17,2025-10-17 13:33:47,600050.SH,B,5.500,1200
1391,60,2025-10-17,2025-10-17 13:33:47,003816.SZ,B,3.980,1800
1392,60,2025-10-17,2025-10-17 13:33:47,601339.SH,B,5.590,300
1393,61,2025-10-17,2025-10-17 13:33:37,002452.SZ,B,7.590,100
1394,61,2025-10-17,2025-10-17 13:33:22,603626.SH,B,12.810,100
1395,58,2025-10-17,2025-10-17 13:33:21,002409.SZ,B,74.140,200
1396,60,2025-10-17,2025-10-17 13:33:18,601880.SH,B,1.770,100
1397,60,2025-10-17,2025-10-17 13:33:17,600905.SH,B,4.330,1800
1398,60,2025-10-17,2025-10-17 13:33:16,601916.SH,B,3.090,1400
1399,59,2025-10-17,2025-10-17 13:33:11,002722.SZ,S,15.580,100
1400,61,2025-10-17,2025-10-17 13:33:11,002722.SZ,S,15.580,100
1401,61,2025-10-17,2025-10-17 13:33:05,002146.SZ,S,1.570,100
1402,63,2025-10-17,2025-10-17 13:33:05,601939.SH,S,9.260,800
1403,61,2025-10-17,2025-10-17 13:33:02,600425.SH,B,4.700,100
1404,61,2025-10-17,2025-10-17 13:33:02,002960.SZ,B,12.200,100
1405,60,2025-10-17,2025-10-17 13:32:57,000983.SZ,B,7.330,100
1406,58,2025-10-17,2025-10-17 13:32:57,603617.SH,S,7.540,100
1407,52,2025-10-17,2025-10-17 13:32:52,000685.SZ,S,12.820,200
1408,59,2025-10-17,2025-10-17 13:32:38,603617.SH,S,7.530,100
1409,61,2025-10-17,2025-10-17 13:32:35,300164.SZ,S,5.980,100
1410,58,2025-10-17,2025-10-17 13:32:34,000923.SZ,S,17.680,600
1411,61,2025-10-17,2025-10-17 13:32:34,603607.SH,S,23.500,200
1412,59,2025-10-17,2025-10-17 13:32:33,603607.SH,S,23.500,100
1413,58,2025-10-17,2025-10-17 13:32:32,002172.SZ,S,4.070,300
1414,52,2025-10-17,2025-10-17 13:31:18,002172.SZ,S,4.070,200
1415,60,2025-10-17,2025-10-17 13:32:29,600642.SH,B,8.120,100
1416,61,2025-10-17,2025-10-17 13:32:27,300507.SZ,S,9.860,100
1417,63,2025-10-17,2025-10-17 13:32:25,601658.SH,S,5.740,100
1418,61,2025-10-17,2025-10-17 13:32:23,300885.SZ,S,22.230,100
1419,52,2025-10-17,2025-10-17 13:32:18,002207.SZ,S,8.330,800
1420,58,2025-10-17,2025-10-17 13:32:19,601929.SH,B,3.540,1600
1421,61,2025-10-17,2025-10-17 13:31:52,300019.SZ,S,20.760,100
1422,61,2025-10-17,2025-10-17 13:31:47,601515.SH,B,4.440,100
1423,61,2025-10-17,2025-10-17 13:31:44,688786.SH,S,31.530,200
1424,61,2025-10-17,2025-10-17 13:31:39,002207.SZ,S,8.340,400
1425,58,2025-10-17,2025-10-17 13:31:37,603766.SH,S,13.910,300
1426,61,2025-10-17,2025-10-17 13:31:37,300168.SZ,S,6.810,100
1427,61,2025-10-17,2025-10-17 13:31:37,002207.SZ,S,8.340,800
1428,60,2025-10-17,2025-10-17 13:31:37,300750.SZ,B,363.170,100
1429,61,2025-10-17,2025-10-17 13:31:36,002249.SZ,B,10.310,100
1430,63,2025-10-17,2025-10-17 13:31:35,601728.SH,S,6.910,100
1431,52,2025-10-17,2025-10-17 13:31:32,603766.SH,S,13.930,100
1432,60,2025-10-17,2025-10-17 13:31:33,601186.SH,B,8.020,100
1433,61,2025-10-17,2025-10-17 13:31:31,600335.SH,B,6.020,100
1434,61,2025-10-17,2025-10-17 13:31:32,603090.SH,B,45.010,200
1435,59,2025-10-17,2025-10-17 13:31:29,603588.SH,S,7.690,100
1436,59,2025-10-17,2025-10-17 13:31:29,000923.SZ,S,17.700,200
1437,61,2025-10-17,2025-10-17 13:31:29,000923.SZ,S,17.700,300
1438,61,2025-10-17,2025-10-17 13:31:29,000923.SZ,S,17.700,200
1439,59,2025-10-17,2025-10-17 13:31:26,600601.SH,B,9.640,700
1440,61,2025-10-17,2025-10-17 13:31:26,600601.SH,B,9.640,900
1441,58,2025-10-17,2025-10-17 13:31:26,600601.SH,B,9.650,600
1442,58,2025-10-17,2025-10-17 13:31:21,600157.SH,S,1.650,8700
1443,52,2025-10-17,2025-10-17 13:31:18,600157.SH,S,1.650,2000
1444,63,2025-10-17,2025-10-17 13:31:19,000425.SZ,B,11.290,800
1445,63,2025-10-17,2025-10-17 13:31:19,601618.SH,S,3.730,100
1446,59,2025-10-17,2025-10-17 13:31:18,002207.SZ,S,8.340,200
1447,59,2025-10-17,2025-10-17 13:31:18,002207.SZ,S,8.340,500
1448,61,2025-10-17,2025-10-17 13:31:18,600338.SH,B,13.250,100
1449,61,2025-10-17,2025-10-17 13:31:15,600157.SH,S,1.650,7400
1450,61,2025-10-17,2025-10-17 13:31:15,600157.SH,S,1.650,100
1451,61,2025-10-17,2025-10-17 13:31:15,600157.SH,S,1.650,300
1452,61,2025-10-17,2025-10-17 13:31:15,002701.SZ,S,6.320,100
1453,61,2025-10-17,2025-10-17 13:31:15,600157.SH,S,1.650,100
1454,59,2025-10-17,2025-10-17 13:31:15,600157.SH,S,1.650,3000
1455,60,2025-10-17,2025-10-17 13:30:57,601668.SH,B,5.640,700
1456,60,2025-10-17,2025-10-17 13:30:56,601728.SH,B,6.910,200
1457,60,2025-10-17,2025-10-17 13:30:56,601728.SH,B,6.910,100
1458,60,2025-10-17,2025-10-17 13:30:56,601728.SH,B,6.910,300
1459,60,2025-10-17,2025-10-17 13:30:55,601766.SH,B,7.780,400
1460,60,2025-10-17,2025-10-17 13:30:22,000709.SZ,B,2.580,600
1461,60,2025-10-17,2025-10-17 13:30:11,600733.SH,B,7.720,400
1462,60,2025-10-17,2025-10-17 13:30:11,600266.SH,B,5.280,500
1463,60,2025-10-17,2025-10-17 13:30:10,600166.SH,B,2.680,700
1464,60,2025-10-17,2025-10-17 13:30:05,002385.SZ,B,4.120,1400
1465,60,2025-10-17,2025-10-17 13:29:50,601988.SH,B,5.370,1300
1466,60,2025-10-17,2025-10-17 13:29:50,601988.SH,B,5.370,200
1467,60,2025-10-17,2025-10-17 13:29:50,601988.SH,B,5.370,100
1468,60,2025-10-17,2025-10-17 13:29:40,300110.SZ,B,3.270,300
1469,60,2025-10-17,2025-10-17 13:29:39,601899.SH,B,30.370,100
1470,60,2025-10-17,2025-10-17 13:29:39,601899.SH,B,30.370,300
1471,60,2025-10-17,2025-10-17 13:29:39,601899.SH,B,30.370,300
1472,60,2025-10-17,2025-10-17 13:29:32,600795.SH,B,5.120,900
1473,60,2025-10-17,2025-10-17 13:29:24,600489.SH,B,24.990,200
1474,60,2025-10-17,2025-10-17 13:29:16,001391.SZ,B,6.520,300
1475,60,2025-10-17,2025-10-17 13:29:11,300316.SZ,B,38.390,100
1476,60,2025-10-17,2025-10-17 13:29:07,688063.SH,B,63.730,200
1477,60,2025-10-17,2025-10-17 13:28:51,000100.SZ,B,4.140,1400
1478,60,2025-10-17,2025-10-17 13:28:46,300259.SZ,B,3.800,100
1479,60,2025-10-17,2025-10-17 13:28:40,603501.SH,B,129.330,100
1480,60,2025-10-17,2025-10-17 13:28:38,600660.SH,B,64.010,200
1481,63,2025-10-17,2025-10-17 13:28:30,601818.SH,S,3.450,100
1482,63,2025-10-17,2025-10-17 13:28:30,601992.SH,S,1.740,100
1483,60,2025-10-17,2025-10-17 13:28:19,600989.SH,B,16.950,200
1484,60,2025-10-17,2025-10-17 13:28:13,000932.SZ,B,5.940,600
1485,60,2025-10-17,2025-10-17 13:28:13,000166.SZ,B,5.390,700
1486,60,2025-10-17,2025-10-17 13:28:10,600782.SH,B,4.070,100
1487,60,2025-10-17,2025-10-17 13:28:10,300124.SZ,B,78.430,100
1488,63,2025-10-17,2025-10-17 13:28:08,003816.SZ,B,3.980,300
1489,63,2025-10-17,2025-10-17 13:28:07,601618.SH,S,3.710,100
1490,60,2025-10-17,2025-10-17 13:28:02,601169.SH,B,5.760,100
1491,58,2025-10-17,2025-10-17 13:28:02,002735.SZ,B,15.930,200
1492,60,2025-10-17,2025-10-17 13:28:00,600406.SH,B,23.120,600
1493,63,2025-10-17,2025-10-17 13:27:51,600527.SH,S,2.280,100
1494,63,2025-10-17,2025-10-17 13:27:46,601868.SH,S,2.460,100
1495,61,2025-10-17,2025-10-17 13:27:46,002146.SZ,B,1.570,100
1496,63,2025-10-17,2025-10-17 13:27:46,601318.SH,S,57.830,100
1497,60,2025-10-17,2025-10-17 13:27:38,601901.SH,B,8.150,800
1498,60,2025-10-17,2025-10-17 13:27:33,601857.SH,B,8.450,600
1499,60,2025-10-17,2025-10-17 13:27:33,002015.SZ,B,10.860,400
1500,60,2025-10-17,2025-10-17 13:27:33,600522.SH,B,17.080,200
1501,60,2025-10-17,2025-10-17 13:27:29,600104.SH,B,16.490,400
1502,60,2025-10-17,2025-10-17 13:27:27,600104.SH,B,16.490,100
1503,60,2025-10-17,2025-10-17 13:27:25,001337.SZ,B,29.900,100
1504,60,2025-10-17,2025-10-17 13:27:22,600732.SH,B,16.960,300
1505,60,2025-10-17,2025-10-17 13:27:22,600104.SH,B,16.490,100
1506,60,2025-10-17,2025-10-17 13:27:19,600623.SH,B,8.970,100
1507,61,2025-10-17,2025-10-17 13:27:17,300164.SZ,B,6.000,100
1508,60,2025-10-17,2025-10-17 13:27:16,000726.SZ,B,7.020,200
1509,60,2025-10-17,2025-10-17 13:27:11,601166.SH,B,20.320,100
1510,60,2025-10-17,2025-10-17 13:27:10,002573.SZ,B,3.930,100
1511,60,2025-10-17,2025-10-17 13:27:08,600481.SH,B,6.660,200
1512,60,2025-10-17,2025-10-17 13:27:07,002594.SZ,B,105.050,100
1513,60,2025-10-17,2025-10-17 13:26:51,300747.SZ,B,25.290,100
1514,60,2025-10-17,2025-10-17 13:26:50,300747.SZ,B,25.290,200
1515,60,2025-10-17,2025-10-17 13:26:50,301377.SZ,B,70.340,100
1516,61,2025-10-17,2025-10-17 13:26:46,600335.SH,S,6.020,100
1517,60,2025-10-17,2025-10-17 13:26:42,600941.SH,B,107.880,100
1518,58,2025-10-17,2025-10-17 13:26:40,002232.SZ,B,20.670,200
1519,60,2025-10-17,2025-10-17 13:26:31,300124.SZ,B,78.470,100
1520,60,2025-10-17,2025-10-17 13:26:24,000426.SZ,B,33.150,100
1521,60,2025-10-17,2025-10-17 13:26:20,603236.SH,B,94.890,100
1522,63,2025-10-17,2025-10-17 13:26:14,000973.SZ,S,7.490,100
1523,60,2025-10-17,2025-10-17 13:26:10,002283.SZ,B,6.220,200
1524,60,2025-10-17,2025-10-17 13:26:09,002283.SZ,B,6.220,100
1525,60,2025-10-17,2025-10-17 13:26:08,600331.SH,B,9.920,500
1526,63,2025-10-17,2025-10-17 13:26:05,601600.SH,S,8.520,100
1527,60,2025-10-17,2025-10-17 13:26:05,000725.SZ,B,4.040,800
1528,60,2025-10-17,2025-10-17 13:26:05,000725.SZ,B,4.040,1400
1529,60,2025-10-17,2025-10-17 13:26:05,000725.SZ,B,4.040,800
1530,60,2025-10-17,2025-10-17 13:26:05,000725.SZ,B,4.040,100
1531,60,2025-10-17,2025-10-17 13:26:05,000725.SZ,B,4.040,200
1532,60,2025-10-17,2025-10-17 13:26:04,600176.SH,B,15.410,200
1533,58,2025-10-17,2025-10-17 13:26:03,002752.SZ,S,5.630,900
1534,58,2025-10-17,2025-10-17 13:26:03,002752.SZ,S,5.630,600
1535,60,2025-10-17,2025-10-17 13:26:02,601111.SH,B,8.420,400
1536,63,2025-10-17,2025-10-17 13:26:01,002638.SZ,S,2.680,100
1537,60,2025-10-17,2025-10-17 13:25:58,002080.SZ,B,29.540,200
1538,60,2025-10-17,2025-10-17 13:25:54,600011.SH,B,7.490,900
1539,60,2025-10-17,2025-10-17 13:25:54,600019.SH,B,7.160,800
1540,60,2025-10-17,2025-10-17 13:25:51,601398.SH,B,7.610,700
1541,60,2025-10-17,2025-10-17 13:25:43,688180.SH,B,39.040,83
1542,60,2025-10-17,2025-10-17 13:25:39,601728.SH,B,6.900,1100
1543,60,2025-10-17,2025-10-17 13:25:39,688180.SH,B,39.040,117
1544,60,2025-10-17,2025-10-17 13:25:29,600438.SH,B,24.010,300
1545,59,2025-10-17,2025-10-17 13:25:26,000060.SZ,S,5.750,100
1546,60,2025-10-17,2025-10-17 13:25:24,603288.SH,B,39.380,100
1547,60,2025-10-17,2025-10-17 13:25:24,000938.SZ,B,27.470,200
1548,60,2025-10-17,2025-10-17 13:25:08,600015.SH,B,6.840,500
1549,60,2025-10-17,2025-10-17 13:24:59,300059.SZ,B,25.190,300
1550,63,2025-10-17,2025-10-17 13:24:55,601857.SH,S,8.430,100
1551,63,2025-10-17,2025-10-17 13:24:53,601939.SH,B,9.230,1300
1552,61,2025-10-17,2025-10-17 13:24:53,601118.SH,B,5.450,100
1553,60,2025-10-17,2025-10-17 13:24:49,002506.SZ,B,2.470,700
1554,60,2025-10-17,2025-10-17 13:24:49,002506.SZ,B,2.470,1000
1555,63,2025-10-17,2025-10-17 13:24:47,600362.SH,B,37.830,100
1556,60,2025-10-17,2025-10-17 13:24:45,601319.SH,B,8.560,300
1557,60,2025-10-17,2025-10-17 13:24:42,600475.SH,B,15.940,100
1558,63,2025-10-17,2025-10-17 13:24:36,601939.SH,B,9.230,1900
1559,52,2025-10-17,2025-10-17 13:24:27,600537.SH,B,3.990,600
1560,60,2025-10-17,2025-10-17 13:24:32,002415.SZ,B,33.410,100
1561,52,2025-10-17,2025-10-17 13:24:27,600537.SH,B,3.990,1500
1562,60,2025-10-17,2025-10-17 13:24:25,000552.SZ,B,2.640,100
1563,60,2025-10-17,2025-10-17 13:24:21,601222.SH,B,5.990,100
1564,60,2025-10-17,2025-10-17 13:24:19,600183.SH,B,54.900,100
1565,60,2025-10-17,2025-10-17 13:24:17,601369.SH,B,8.470,100
1566,60,2025-10-17,2025-10-17 13:24:13,600415.SH,B,19.450,200
1567,60,2025-10-17,2025-10-17 13:24:13,600415.SH,B,19.450,100
1568,60,2025-10-17,2025-10-17 13:24:10,300568.SZ,B,13.030,100
1569,60,2025-10-17,2025-10-17 13:24:06,600372.SH,B,12.500,100
1570,60,2025-10-17,2025-10-17 13:24:06,600057.SH,B,7.760,200
1571,60,2025-10-17,2025-10-17 13:24:05,600703.SH,B,14.160,300
1572,60,2025-10-17,2025-10-17 13:24:03,000166.SZ,B,5.390,900
1573,60,2025-10-17,2025-10-17 13:24:03,601009.SH,B,11.680,100
1574,60,2025-10-17,2025-10-17 13:24:03,000166.SZ,B,5.390,100
1575,60,2025-10-17,2025-10-17 13:24:03,000166.SZ,B,5.390,200
1576,60,2025-10-17,2025-10-17 13:24:00,300827.SZ,B,29.430,100
1577,60,2025-10-17,2025-10-17 13:24:00,600236.SH,B,7.130,200
1578,60,2025-10-17,2025-10-17 13:23:56,601288.SH,B,7.560,400
1579,60,2025-10-17,2025-10-17 13:23:53,300433.SZ,B,27.750,100
1580,60,2025-10-17,2025-10-17 13:23:50,300005.SZ,B,8.410,100
1581,60,2025-10-17,2025-10-17 13:23:50,300005.SZ,B,8.410,100
1582,60,2025-10-17,2025-10-17 13:23:48,300761.SZ,B,22.370,100
1583,60,2025-10-17,2025-10-17 13:23:47,600938.SH,B,25.770,100
1584,60,2025-10-17,2025-10-17 13:23:45,002938.SZ,B,47.320,100
1585,60,2025-10-17,2025-10-17 13:23:41,000990.SZ,B,7.330,100
1586,60,2025-10-17,2025-10-17 13:23:39,002463.SZ,B,65.280,100
1587,60,2025-10-17,2025-10-17 13:23:34,300138.SZ,B,14.550,200
1588,60,2025-10-17,2025-10-17 13:23:27,601985.SH,B,9.070,300
1589,60,2025-10-17,2025-10-17 13:23:25,002555.SZ,B,19.520,100
1590,63,2025-10-17,2025-10-17 13:23:17,600346.SH,S,16.550,100
1591,60,2025-10-17,2025-10-17 13:23:15,000729.SZ,B,12.650,200
1592,60,2025-10-17,2025-10-17 13:23:15,601390.SH,B,5.720,100
1593,60,2025-10-17,2025-10-17 13:23:12,600418.SH,B,48.540,200
1594,60,2025-10-17,2025-10-17 13:23:03,300790.SZ,B,29.950,100
1595,60,2025-10-17,2025-10-17 13:23:02,002558.SZ,B,38.950,100
1596,60,2025-10-17,2025-10-17 13:23:01,002063.SZ,B,6.290,100
1597,60,2025-10-17,2025-10-17 13:23:01,000402.SZ,B,3.050,200
1598,60,2025-10-17,2025-10-17 13:22:58,600989.SH,B,16.960,300
1599,63,2025-10-17,2025-10-17 13:22:58,600406.SH,S,23.150,100
1600,60,2025-10-17,2025-10-17 13:22:49,603486.SH,B,91.940,100
1601,63,2025-10-17,2025-10-17 13:22:49,600760.SH,B,65.530,100
1602,60,2025-10-17,2025-10-17 13:22:45,002128.SZ,B,24.170,100
1603,60,2025-10-17,2025-10-17 13:22:38,600030.SH,B,29.520,300
1604,63,2025-10-17,2025-10-17 13:22:36,600418.SH,S,48.560,100
1605,60,2025-10-17,2025-10-17 13:22:31,600160.SH,B,35.710,100
1606,60,2025-10-17,2025-10-17 13:22:27,600958.SH,B,11.490,200
1607,60,2025-10-17,2025-10-17 13:22:24,000959.SZ,B,4.100,1100
1608,60,2025-10-17,2025-10-17 13:22:15,002812.SZ,B,41.760,100
1609,60,2025-10-17,2025-10-17 13:22:11,600970.SH,B,9.420,100
1610,60,2025-10-17,2025-10-17 13:22:11,600741.SH,B,19.560,100
1611,63,2025-10-17,2025-10-17 13:22:10,601279.SH,S,4.300,100
1612,63,2025-10-17,2025-10-17 13:22:08,601668.SH,S,5.640,100
1613,61,2025-10-17,2025-10-17 13:22:07,603758.SH,B,14.390,100
1614,59,2025-10-17,2025-10-17 13:22:05,600537.SH,B,3.990,800
1615,60,2025-10-17,2025-10-17 13:22:06,600733.SH,B,7.710,700
1616,61,2025-10-17,2025-10-17 13:22:05,300363.SZ,B,24.060,100
1617,60,2025-10-17,2025-10-17 13:22:00,002733.SZ,B,19.480,100
1618,60,2025-10-17,2025-10-17 13:22:00,002733.SZ,B,19.480,100
1619,60,2025-10-17,2025-10-17 13:21:59,600866.SH,B,7.590,600
1620,60,2025-10-17,2025-10-17 13:21:59,600866.SH,B,7.590,100
1621,60,2025-10-17,2025-10-17 13:21:55,600219.SH,B,4.080,700
1622,58,2025-10-17,2025-10-17 13:21:53,600537.SH,B,3.990,1000
1623,60,2025-10-17,2025-10-17 13:21:52,002407.SZ,B,20.590,300
1624,60,2025-10-17,2025-10-17 13:21:46,601211.SH,B,18.960,100
1625,60,2025-10-17,2025-10-17 13:21:46,003019.SZ,B,32.640,100
1626,60,2025-10-17,2025-10-17 13:21:45,600309.SH,B,62.460,200
1627,60,2025-10-17,2025-10-17 13:21:42,000338.SZ,B,14.500,300
1628,60,2025-10-17,2025-10-17 13:21:42,601658.SH,B,5.740,400
1629,60,2025-10-17,2025-10-17 13:21:35,600968.SH,B,3.930,400
1630,60,2025-10-17,2025-10-17 13:21:33,002074.SZ,B,40.880,100
1631,61,2025-10-17,2025-10-17 13:21:33,300149.SZ,B,11.420,100
1632,63,2025-10-17,2025-10-17 13:21:31,600276.SH,S,65.450,100
1633,60,2025-10-17,2025-10-17 13:21:22,603185.SH,B,22.300,100
1634,60,2025-10-17,2025-10-17 13:21:19,603806.SH,B,15.550,100
1635,60,2025-10-17,2025-10-17 13:21:19,603806.SH,B,15.550,200
1636,60,2025-10-17,2025-10-17 13:21:19,002746.SZ,B,6.140,100
1637,60,2025-10-17,2025-10-17 13:21:19,002690.SZ,B,19.810,100
1638,60,2025-10-17,2025-10-17 13:21:16,688009.SH,B,5.330,322
1639,60,2025-10-17,2025-10-17 13:21:17,000401.SZ,B,5.010,100
1640,60,2025-10-17,2025-10-17 13:21:16,688009.SH,B,5.330,278
