,fund_id,trade_dt,trade_time,s_info_windcode,direction,price,qty
0,61,2025-09-22,2025-09-22 14:56:57,300345.SZ,B,6.860,900
1,59,2025-09-22,2025-09-22 14:56:57,601778.SH,B,3.760,4300
2,58,2025-09-22,2025-09-22 14:56:54,002122.SZ,B,4.080,1500
3,58,2025-09-22,2025-09-22 14:56:54,002122.SZ,B,4.080,600
4,61,2025-09-22,2025-09-22 14:56:53,002446.SZ,S,8.640,1303
5,61,2025-09-22,2025-09-22 14:56:53,002446.SZ,S,8.640,1197
6,59,2025-09-22,2025-09-22 14:56:53,002446.SZ,S,8.640,1000
7,61,2025-09-22,2025-09-22 14:56:51,002100.SZ,S,7.570,100
8,58,2025-09-22,2025-09-22 14:56:49,000953.SZ,S,7.310,400
9,52,2025-09-22,2025-09-22 14:56:48,300408.SZ,B,49.810,200
10,58,2025-09-22,2025-09-22 14:56:47,002899.SZ,S,20.910,100
11,61,2025-09-22,2025-09-22 14:56:47,300408.SZ,B,49.800,700
12,61,2025-09-22,2025-09-22 14:56:47,002677.SZ,S,7.690,800
13,61,2025-09-22,2025-09-22 14:56:47,002677.SZ,S,7.690,1300
14,59,2025-09-22,2025-09-22 14:56:47,000882.SZ,B,2.150,10500
15,61,2025-09-22,2025-09-22 14:56:46,600513.SH,B,19.960,300
16,52,2025-09-22,2025-09-22 14:56:46,002446.SZ,S,8.640,700
17,52,2025-09-22,2025-09-22 14:56:45,002222.SZ,B,52.720,800
18,58,2025-09-22,2025-09-22 14:56:45,601778.SH,B,3.760,900
19,58,2025-09-22,2025-09-22 14:56:45,601778.SH,B,3.760,1600
20,61,2025-09-22,2025-09-22 14:56:44,002256.SZ,B,3.020,6400
21,58,2025-09-22,2025-09-22 14:56:44,300792.SZ,B,31.470,500
22,59,2025-09-22,2025-09-22 14:56:44,002122.SZ,B,4.080,1400
23,59,2025-09-22,2025-09-22 14:56:44,002256.SZ,B,3.020,4300
24,61,2025-09-22,2025-09-22 14:56:43,688556.SH,B,11.000,490
25,61,2025-09-22,2025-09-22 14:56:43,601609.SH,B,11.780,100
26,61,2025-09-22,2025-09-22 14:56:43,601609.SH,B,11.780,1500
27,58,2025-09-22,2025-09-22 14:56:43,002222.SZ,B,52.720,2100
28,58,2025-09-22,2025-09-22 14:56:43,600503.SH,S,3.540,100
29,61,2025-09-22,2025-09-22 14:56:42,002222.SZ,B,52.720,2100
30,61,2025-09-22,2025-09-22 14:56:42,002222.SZ,B,52.720,300
31,61,2025-09-22,2025-09-22 14:56:42,002222.SZ,B,52.720,100
32,61,2025-09-22,2025-09-22 14:56:42,601865.SH,B,17.300,100
33,61,2025-09-22,2025-09-22 14:56:42,002222.SZ,B,52.720,100
34,61,2025-09-22,2025-09-22 14:56:42,601865.SH,B,17.300,100
35,61,2025-09-22,2025-09-22 14:56:42,601865.SH,B,17.280,500
36,58,2025-09-22,2025-09-22 14:56:42,601865.SH,B,17.300,500
37,61,2025-09-22,2025-09-22 14:56:42,002126.SZ,S,42.020,1300
38,61,2025-09-22,2025-09-22 14:56:41,603266.SH,S,24.840,600
39,58,2025-09-22,2025-09-22 14:56:40,002922.SZ,B,21.270,500
40,58,2025-09-22,2025-09-22 14:56:40,002922.SZ,B,21.270,300
41,58,2025-09-22,2025-09-22 14:56:40,603344.SH,S,28.630,200
42,59,2025-09-22,2025-09-22 14:56:39,002212.SZ,S,10.250,200
43,61,2025-09-22,2025-09-22 14:56:40,603009.SH,S,56.810,100
44,61,2025-09-22,2025-09-22 14:56:39,600392.SH,B,22.370,100
45,61,2025-09-22,2025-09-22 14:56:39,600392.SH,B,22.370,800
46,61,2025-09-22,2025-09-22 14:56:39,688403.SH,S,15.160,1133
47,61,2025-09-22,2025-09-22 14:56:39,688403.SH,S,15.170,4842
48,52,2025-09-22,2025-09-22 14:56:39,603266.SH,S,24.840,200
49,58,2025-09-22,2025-09-22 14:56:39,300304.SZ,B,13.820,1100
50,58,2025-09-22,2025-09-22 14:56:39,603344.SH,S,28.630,100
51,59,2025-09-22,2025-09-22 14:56:39,603266.SH,S,24.840,300
52,61,2025-09-22,2025-09-22 14:56:38,603201.SH,S,19.240,100
53,61,2025-09-22,2025-09-22 14:56:38,603201.SH,S,19.240,300
54,61,2025-09-22,2025-09-22 14:56:39,002212.SZ,S,10.250,600
55,61,2025-09-22,2025-09-22 14:56:38,603275.SH,S,56.950,100
56,52,2025-09-22,2025-09-22 14:56:38,002516.SZ,S,6.240,100
57,52,2025-09-22,2025-09-22 14:56:33,002448.SZ,S,10.890,100
58,58,2025-09-22,2025-09-22 14:56:39,002772.SZ,B,9.720,1100
59,58,2025-09-22,2025-09-22 14:56:38,300485.SZ,B,11.740,800
60,58,2025-09-22,2025-09-22 14:56:38,000017.SZ,S,6.730,100
61,59,2025-09-22,2025-09-22 14:56:38,603201.SH,S,19.240,200
62,59,2025-09-22,2025-09-22 14:56:38,300304.SZ,B,13.820,1200
63,59,2025-09-22,2025-09-22 14:56:37,002471.SZ,S,5.080,800
64,61,2025-09-22,2025-09-22 14:56:38,300229.SZ,B,21.570,100
65,61,2025-09-22,2025-09-22 14:56:38,300229.SZ,B,21.570,700
66,61,2025-09-22,2025-09-22 14:56:37,603829.SH,S,22.900,500
67,61,2025-09-22,2025-09-22 14:56:37,603829.SH,S,22.900,300
68,61,2025-09-22,2025-09-22 14:56:37,002922.SZ,B,21.280,400
69,61,2025-09-22,2025-09-22 14:56:37,002164.SZ,S,14.490,900
70,61,2025-09-22,2025-09-22 14:56:38,300229.SZ,B,21.570,400
71,61,2025-09-22,2025-09-22 14:56:37,603118.SH,B,13.260,700
72,61,2025-09-22,2025-09-22 14:56:37,002471.SZ,S,5.080,2700
73,61,2025-09-22,2025-09-22 14:56:37,300304.SZ,B,13.820,1300
74,52,2025-09-22,2025-09-22 14:56:37,002164.SZ,S,14.490,300
75,58,2025-09-22,2025-09-22 14:56:38,300229.SZ,B,21.570,800
76,58,2025-09-22,2025-09-22 14:56:37,600671.SH,S,18.330,100
77,59,2025-09-22,2025-09-22 14:56:37,002960.SZ,S,12.950,400
78,59,2025-09-22,2025-09-22 14:56:37,600744.SH,B,6.470,6
79,59,2025-09-22,2025-09-22 14:56:37,600744.SH,B,6.470,94
80,59,2025-09-22,2025-09-22 14:56:37,002126.SZ,S,42.000,500
81,61,2025-09-22,2025-09-22 14:56:36,600118.SH,S,35.420,100
82,61,2025-09-22,2025-09-22 14:56:36,600118.SH,S,35.420,100
83,61,2025-09-22,2025-09-22 14:56:36,600118.SH,S,35.420,100
84,61,2025-09-22,2025-09-22 14:56:36,603068.SH,S,43.480,100
85,61,2025-09-22,2025-09-22 14:56:36,300047.SZ,B,16.770,300
86,61,2025-09-22,2025-09-22 14:56:36,300047.SZ,B,16.770,500
87,61,2025-09-22,2025-09-22 14:56:36,300047.SZ,B,16.770,200
88,61,2025-09-22,2025-09-22 14:56:36,300047.SZ,B,16.770,600
89,61,2025-09-22,2025-09-22 14:56:36,300792.SZ,B,31.510,400
90,61,2025-09-22,2025-09-22 14:56:36,300792.SZ,B,31.510,300
91,58,2025-09-22,2025-09-22 14:56:37,600433.SH,S,3.250,500
92,58,2025-09-22,2025-09-22 14:56:37,600433.SH,S,3.250,1100
93,58,2025-09-22,2025-09-22 14:56:37,600433.SH,S,3.260,1600
94,58,2025-09-22,2025-09-22 14:56:36,002265.SZ,B,30.920,500
95,58,2025-09-22,2025-09-22 14:56:36,002172.SZ,S,4.220,600
96,58,2025-09-22,2025-09-22 14:56:36,002263.SZ,B,3.880,1100
97,58,2025-09-22,2025-09-22 14:56:36,002150.SZ,B,15.500,100
98,58,2025-09-22,2025-09-22 14:56:36,002471.SZ,S,5.080,2300
99,58,2025-09-22,2025-09-22 14:56:36,002150.SZ,B,15.500,500
100,58,2025-09-22,2025-09-22 14:56:36,002284.SZ,B,12.700,200
101,58,2025-09-22,2025-09-22 14:56:36,002284.SZ,B,12.700,300
102,58,2025-09-22,2025-09-22 14:56:36,300068.SZ,S,19.100,700
103,58,2025-09-22,2025-09-22 14:56:36,002706.SZ,S,11.730,100
104,58,2025-09-22,2025-09-22 14:56:36,600671.SH,S,18.330,200
105,61,2025-09-22,2025-09-22 14:56:35,600433.SH,S,3.250,1400
106,61,2025-09-22,2025-09-22 14:56:35,002899.SZ,S,20.930,100
107,61,2025-09-22,2025-09-22 14:56:35,600433.SH,S,3.250,2400
108,61,2025-09-22,2025-09-22 14:56:35,600601.SH,S,11.350,1400
109,61,2025-09-22,2025-09-22 14:56:35,300485.SZ,B,11.730,700
110,52,2025-09-22,2025-09-22 14:56:35,601933.SH,B,4.950,200
111,52,2025-09-22,2025-09-22 14:56:34,002384.SZ,S,79.910,100
112,52,2025-09-22,2025-09-22 14:56:35,002122.SZ,B,4.080,1200
113,52,2025-09-22,2025-09-22 14:56:35,002471.SZ,S,5.080,600
114,58,2025-09-22,2025-09-22 14:56:35,603829.SH,S,22.900,700
115,58,2025-09-22,2025-09-22 14:56:35,601778.SH,B,3.760,3200
116,58,2025-09-22,2025-09-22 14:56:35,605303.SH,S,16.500,100
117,58,2025-09-22,2025-09-22 14:56:35,601020.SH,S,25.250,100
118,58,2025-09-22,2025-09-22 14:56:35,002212.SZ,S,10.240,500
119,58,2025-09-22,2025-09-22 14:56:35,603266.SH,S,24.840,500
120,59,2025-09-22,2025-09-22 14:56:35,300229.SZ,B,21.570,300
121,61,2025-09-22,2025-09-22 14:56:34,002265.SZ,B,30.920,600
122,61,2025-09-22,2025-09-22 14:56:34,300358.SZ,S,8.900,100
123,61,2025-09-22,2025-09-22 14:56:34,002772.SZ,B,9.720,300
124,61,2025-09-22,2025-09-22 14:56:34,002642.SZ,S,10.020,9100
125,61,2025-09-22,2025-09-22 14:56:34,002772.SZ,B,9.720,200
126,52,2025-09-22,2025-09-22 14:56:34,300068.SZ,S,19.100,300
127,58,2025-09-22,2025-09-22 14:56:34,300684.SZ,S,44.530,100
128,59,2025-09-22,2025-09-22 14:56:34,601865.SH,B,17.300,300
129,59,2025-09-22,2025-09-22 14:56:33,603829.SH,S,22.900,300
130,61,2025-09-22,2025-09-22 14:56:33,603773.SH,B,34.160,300
131,52,2025-09-22,2025-09-22 14:56:33,603829.SH,S,22.900,200
132,58,2025-09-22,2025-09-22 14:56:33,002677.SZ,S,7.680,700
133,58,2025-09-22,2025-09-22 14:56:33,002677.SZ,S,7.680,600
134,58,2025-09-22,2025-09-22 14:56:33,002677.SZ,S,7.680,100
135,58,2025-09-22,2025-09-22 14:56:33,002446.SZ,S,8.640,1300
136,58,2025-09-22,2025-09-22 14:56:33,002677.SZ,S,7.680,4000
137,58,2025-09-22,2025-09-22 14:56:33,002960.SZ,S,12.940,900
138,58,2025-09-22,2025-09-22 14:56:33,002445.SZ,S,2.730,100
139,58,2025-09-22,2025-09-22 14:56:32,300185.SZ,S,3.110,300
140,61,2025-09-22,2025-09-22 14:56:32,300083.SZ,S,10.920,1100
141,61,2025-09-22,2025-09-22 14:56:33,300043.SZ,S,6.890,100
142,52,2025-09-22,2025-09-22 14:56:32,688549.SH,S,9.590,636
143,58,2025-09-22,2025-09-22 14:56:31,002741.SZ,S,22.750,200
144,58,2025-09-22,2025-09-22 14:56:31,688549.SH,S,9.590,1569
145,58,2025-09-22,2025-09-22 14:56:31,003040.SZ,B,21.510,500
146,58,2025-09-22,2025-09-22 14:56:31,002735.SZ,S,15.530,100
147,58,2025-09-22,2025-09-22 14:56:31,000882.SZ,B,2.150,600
148,58,2025-09-22,2025-09-22 14:56:31,000882.SZ,B,2.150,2000
149,58,2025-09-22,2025-09-22 14:56:31,000882.SZ,B,2.150,1000
150,58,2025-09-22,2025-09-22 14:56:31,000882.SZ,B,2.150,4300
151,58,2025-09-22,2025-09-22 14:56:31,002642.SZ,S,10.010,5400
152,58,2025-09-22,2025-09-22 14:56:31,000882.SZ,B,2.150,5700
153,58,2025-09-22,2025-09-22 14:56:31,002642.SZ,S,10.010,2500
154,59,2025-09-22,2025-09-22 14:56:31,688403.SH,S,15.170,2423
155,59,2025-09-22,2025-09-22 14:56:32,603009.SH,S,56.800,100
156,58,2025-09-22,2025-09-22 14:56:30,002484.SZ,S,32.490,300
157,58,2025-09-22,2025-09-22 14:56:31,002195.SZ,S,7.980,657
158,58,2025-09-22,2025-09-22 14:56:31,002195.SZ,S,7.980,1243
159,58,2025-09-22,2025-09-22 14:56:31,002677.SZ,S,7.690,1500
160,58,2025-09-22,2025-09-22 14:56:30,300180.SZ,B,7.580,1400
161,58,2025-09-22,2025-09-22 14:56:30,002506.SZ,S,2.560,100
162,58,2025-09-22,2025-09-22 14:56:30,300047.SZ,B,16.770,800
163,58,2025-09-22,2025-09-22 14:56:30,600653.SH,B,2.190,500
164,61,2025-09-22,2025-09-22 14:56:30,002174.SZ,B,11.870,100
165,61,2025-09-22,2025-09-22 14:56:30,002174.SZ,B,11.870,100
166,61,2025-09-22,2025-09-22 14:56:30,002174.SZ,B,11.870,200
167,61,2025-09-22,2025-09-22 14:56:30,002174.SZ,B,11.870,200
168,52,2025-09-22,2025-09-22 14:56:30,600822.SH,S,12.580,900
169,52,2025-09-22,2025-09-22 14:56:30,601975.SH,S,3.110,100
170,58,2025-09-22,2025-09-22 14:56:30,603201.SH,S,19.270,400
171,58,2025-09-22,2025-09-22 14:56:30,600822.SH,S,12.580,2700
172,59,2025-09-22,2025-09-22 14:56:30,002624.SZ,B,18.880,800
173,61,2025-09-22,2025-09-22 14:56:29,600839.SH,S,11.110,100
174,58,2025-09-22,2025-09-22 14:56:28,603058.SH,S,9.500,1200
175,58,2025-09-22,2025-09-22 14:56:28,600839.SH,S,11.110,100
176,58,2025-09-22,2025-09-22 14:56:28,300542.SZ,S,21.200,100
177,59,2025-09-22,2025-09-22 14:56:29,600601.SH,S,11.340,500
178,52,2025-09-22,2025-09-22 14:56:28,002407.SZ,S,16.270,300
179,52,2025-09-22,2025-09-22 14:56:26,000953.SZ,S,7.320,100
180,58,2025-09-22,2025-09-22 14:56:25,603089.SH,S,16.670,200
181,58,2025-09-22,2025-09-22 14:56:25,300468.SZ,B,39.480,100
182,58,2025-09-22,2025-09-22 14:56:25,002174.SZ,B,11.850,500
183,59,2025-09-22,2025-09-22 14:56:25,300083.SZ,S,10.920,400
184,58,2025-09-22,2025-09-22 14:56:24,603068.SH,S,43.480,100
185,58,2025-09-22,2025-09-22 14:56:23,603118.SH,B,13.260,500
186,59,2025-09-22,2025-09-22 14:56:21,002922.SZ,B,21.260,300
187,58,2025-09-22,2025-09-22 14:56:20,600744.SH,B,6.460,300
188,59,2025-09-22,2025-09-22 14:56:20,002642.SZ,S,10.020,700
189,59,2025-09-22,2025-09-22 14:56:20,002642.SZ,S,10.020,1000
190,59,2025-09-22,2025-09-22 14:56:20,002642.SZ,S,10.020,100
191,59,2025-09-22,2025-09-22 14:56:19,002642.SZ,S,10.020,100
192,59,2025-09-22,2025-09-22 14:56:19,002642.SZ,S,10.020,700
193,61,2025-09-22,2025-09-22 14:56:20,600864.SH,S,7.260,100
194,61,2025-09-22,2025-09-22 14:56:19,600026.SH,B,12.270,400
195,59,2025-09-22,2025-09-22 14:56:19,002642.SZ,S,10.020,300
196,59,2025-09-22,2025-09-22 14:56:19,002642.SZ,S,10.020,100
197,59,2025-09-22,2025-09-22 14:56:19,002642.SZ,S,10.020,500
198,58,2025-09-22,2025-09-22 14:56:17,300083.SZ,S,10.920,1000
199,61,2025-09-22,2025-09-22 14:56:18,300684.SZ,S,44.540,300
200,61,2025-09-22,2025-09-22 14:56:17,300276.SZ,S,10.970,100
201,58,2025-09-22,2025-09-22 14:56:16,002036.SZ,S,11.510,100
202,61,2025-09-22,2025-09-22 14:56:16,601519.SH,S,15.810,100
203,61,2025-09-22,2025-09-22 14:56:15,300180.SZ,B,7.580,400
204,61,2025-09-22,2025-09-22 14:56:15,300180.SZ,B,7.580,1200
205,61,2025-09-22,2025-09-22 14:56:15,002195.SZ,S,7.990,1600
206,58,2025-09-22,2025-09-22 14:56:14,002256.SZ,B,3.010,1200
207,58,2025-09-22,2025-09-22 14:56:14,002256.SZ,B,3.010,2300
208,58,2025-09-22,2025-09-22 14:56:14,600366.SH,B,14.420,600
209,58,2025-09-22,2025-09-22 14:56:13,002164.SZ,S,14.480,800
210,59,2025-09-22,2025-09-22 14:56:14,002164.SZ,S,14.490,300
211,52,2025-09-22,2025-09-22 14:51:52,600076.SH,S,2.810,100
212,61,2025-09-22,2025-09-22 14:56:11,002284.SZ,B,12.700,700
213,59,2025-09-22,2025-09-22 14:56:10,300229.SZ,B,21.550,500
214,61,2025-09-22,2025-09-22 14:56:09,605303.SH,S,16.510,100
215,61,2025-09-22,2025-09-22 14:56:09,600653.SH,B,2.190,700
216,61,2025-09-22,2025-09-22 14:56:09,300785.SZ,B,40.360,100
217,58,2025-09-22,2025-09-22 14:56:07,000026.SZ,B,16.610,100
218,59,2025-09-22,2025-09-22 14:56:08,600392.SH,B,22.380,200
219,59,2025-09-22,2025-09-22 14:56:08,600392.SH,B,22.380,100
220,61,2025-09-22,2025-09-22 14:56:07,002407.SZ,S,16.270,1000
221,61,2025-09-22,2025-09-22 14:56:05,003040.SZ,B,21.500,300
222,58,2025-09-22,2025-09-22 14:56:04,300593.SZ,B,18.520,600
223,59,2025-09-22,2025-09-22 14:56:05,002407.SZ,S,16.260,400
224,52,2025-09-22,2025-09-22 14:53:03,600340.SH,S,2.250,1000
225,61,2025-09-22,2025-09-22 14:56:04,001222.SZ,B,23.180,400
226,58,2025-09-22,2025-09-22 14:56:02,300537.SZ,B,24.040,300
227,58,2025-09-22,2025-09-22 14:56:03,300692.SZ,S,7.940,100
228,59,2025-09-22,2025-09-22 14:56:03,600653.SH,B,2.190,300
229,61,2025-09-22,2025-09-22 14:56:03,002484.SZ,S,32.510,400
230,61,2025-09-22,2025-09-22 14:56:02,603051.SH,B,23.320,300
231,58,2025-09-22,2025-09-22 14:56:01,002407.SZ,S,16.260,900
232,52,2025-09-22,2025-09-22 14:56:01,600703.SH,B,15.270,2000
233,59,2025-09-22,2025-09-22 14:56:00,603992.SH,S,31.120,100
234,61,2025-09-22,2025-09-22 14:56:00,603992.SH,S,31.120,100
235,61,2025-09-22,2025-09-22 14:56:00,603936.SH,B,13.780,300
236,61,2025-09-22,2025-09-22 14:56:00,603089.SH,S,16.670,200
237,52,2025-09-22,2025-09-22 14:55:51,600671.SH,S,18.310,100
238,58,2025-09-22,2025-09-22 14:56:00,300045.SZ,S,22.730,96
239,58,2025-09-22,2025-09-22 14:56:00,603926.SH,B,17.910,100
240,58,2025-09-22,2025-09-22 14:56:00,300045.SZ,S,22.730,100
241,58,2025-09-22,2025-09-22 14:56:00,300045.SZ,S,22.730,4
242,59,2025-09-22,2025-09-22 14:56:00,600118.SH,S,35.360,100
243,59,2025-09-22,2025-09-22 14:56:00,600118.SH,S,35.360,100
244,59,2025-09-22,2025-09-22 14:56:00,603089.SH,S,16.670,100
245,61,2025-09-22,2025-09-22 14:55:59,301235.SZ,B,32.600,100
246,61,2025-09-22,2025-09-22 14:55:58,000061.SZ,B,8.770,1800
247,52,2025-09-22,2025-09-22 14:52:36,002642.SZ,S,10.030,2700
248,61,2025-09-22,2025-09-22 14:55:57,600703.SH,B,15.270,300
249,61,2025-09-22,2025-09-22 14:55:57,600703.SH,B,15.270,300
250,61,2025-09-22,2025-09-22 14:55:57,002820.SZ,B,12.300,700
251,61,2025-09-22,2025-09-22 14:55:57,002677.SZ,S,7.720,400
252,61,2025-09-22,2025-09-22 14:55:56,002677.SZ,S,7.720,4400
253,61,2025-09-22,2025-09-22 14:55:56,002055.SZ,B,8.260,300
254,61,2025-09-22,2025-09-22 14:55:56,600026.SH,B,12.270,300
255,58,2025-09-22,2025-09-22 14:55:56,600721.SH,S,9.510,100
256,52,2025-09-22,2025-09-22 14:55:51,603928.SH,B,15.910,200
257,61,2025-09-22,2025-09-22 14:55:56,002677.SZ,S,7.720,400
258,61,2025-09-22,2025-09-22 14:55:55,300687.SZ,B,26.410,400
259,61,2025-09-22,2025-09-22 14:55:55,002378.SZ,B,12.300,100
260,61,2025-09-22,2025-09-22 14:55:56,002677.SZ,S,7.720,500
261,61,2025-09-22,2025-09-22 14:55:55,300687.SZ,B,26.410,200
262,52,2025-09-22,2025-09-22 14:55:52,603613.SH,S,30.010,100
263,61,2025-09-22,2025-09-22 14:55:54,002772.SZ,B,9.730,700
264,61,2025-09-22,2025-09-22 14:55:54,002677.SZ,S,7.720,1000
265,61,2025-09-22,2025-09-22 14:55:53,002677.SZ,S,7.720,100
266,61,2025-09-22,2025-09-22 14:55:53,002824.SZ,B,19.010,300
267,61,2025-09-22,2025-09-22 14:55:53,301161.SZ,B,37.440,100
268,58,2025-09-22,2025-09-22 14:55:53,300047.SZ,B,16.760,200
269,58,2025-09-22,2025-09-22 14:55:51,300382.SZ,B,18.040,500
270,61,2025-09-22,2025-09-22 14:55:53,002677.SZ,S,7.720,500
271,61,2025-09-22,2025-09-22 14:55:53,002677.SZ,S,7.720,1700
272,61,2025-09-22,2025-09-22 14:55:53,002677.SZ,S,7.720,500
273,61,2025-09-22,2025-09-22 14:55:52,600703.SH,B,15.270,400
274,61,2025-09-22,2025-09-22 14:55:53,002677.SZ,S,7.720,400
275,61,2025-09-22,2025-09-22 14:55:51,002677.SZ,S,7.720,200
276,61,2025-09-22,2025-09-22 14:55:51,002150.SZ,B,15.500,700
277,58,2025-09-22,2025-09-22 14:55:50,002703.SZ,B,13.010,1700
278,58,2025-09-22,2025-09-22 14:55:50,300687.SZ,B,26.400,500
279,61,2025-09-22,2025-09-22 14:55:51,002677.SZ,S,7.720,1400
280,61,2025-09-22,2025-09-22 14:55:51,002677.SZ,S,7.720,700
281,61,2025-09-22,2025-09-22 14:55:51,002677.SZ,S,7.720,600
282,58,2025-09-22,2025-09-22 14:55:50,002677.SZ,S,7.720,3900
283,58,2025-09-22,2025-09-22 14:55:50,002677.SZ,S,7.720,2400
284,61,2025-09-22,2025-09-22 14:55:49,002172.SZ,S,4.230,700
285,59,2025-09-22,2025-09-22 14:55:49,002172.SZ,S,4.230,300
286,58,2025-09-22,2025-09-22 14:55:48,002824.SZ,B,18.990,100
287,58,2025-09-22,2025-09-22 14:55:47,300885.SZ,B,25.280,100
288,52,2025-09-22,2025-09-22 14:54:07,300485.SZ,B,11.730,600
289,58,2025-09-22,2025-09-22 14:55:44,605033.SH,B,22.190,200
290,58,2025-09-22,2025-09-22 14:55:44,300785.SZ,B,40.460,100
291,58,2025-09-22,2025-09-22 14:55:43,605033.SH,B,22.180,100
292,61,2025-09-22,2025-09-22 14:55:43,002922.SZ,B,21.260,200
293,58,2025-09-22,2025-09-22 14:55:43,603992.SH,S,31.110,100
294,58,2025-09-22,2025-09-22 14:55:39,603630.SH,B,24.650,100
295,58,2025-09-22,2025-09-22 14:55:39,300947.SZ,B,20.310,100
296,61,2025-09-22,2025-09-22 14:55:38,300542.SZ,S,21.200,100
297,61,2025-09-22,2025-09-22 14:55:37,002765.SZ,B,13.900,600
298,61,2025-09-22,2025-09-22 14:55:33,300304.SZ,B,13.810,300
299,61,2025-09-22,2025-09-22 14:55:32,300045.SZ,S,22.730,200
300,58,2025-09-22,2025-09-22 14:55:30,300408.SZ,B,49.790,300
301,58,2025-09-22,2025-09-22 14:55:30,300408.SZ,B,49.790,100
302,58,2025-09-22,2025-09-22 14:55:31,688556.SH,B,10.980,1078
303,58,2025-09-22,2025-09-22 14:55:30,300408.SZ,B,49.790,100
304,58,2025-09-22,2025-09-22 14:55:30,300408.SZ,B,49.790,100
305,52,2025-09-22,2025-09-22 14:55:30,002174.SZ,B,11.860,600
306,58,2025-09-22,2025-09-22 14:55:29,000061.SZ,B,8.800,1200
307,58,2025-09-22,2025-09-22 14:55:27,603275.SH,S,57.080,100
308,52,2025-09-22,2025-09-22 14:55:26,603344.SH,S,28.660,100
309,58,2025-09-22,2025-09-22 14:55:27,688403.SH,S,15.170,3314
310,58,2025-09-22,2025-09-22 14:55:26,688403.SH,S,15.170,286
311,58,2025-09-22,2025-09-22 14:55:25,300609.SZ,B,42.060,100
312,58,2025-09-22,2025-09-22 14:55:25,300276.SZ,S,10.960,100
313,58,2025-09-22,2025-09-22 14:55:25,300905.SZ,B,35.780,100
314,58,2025-09-22,2025-09-22 14:55:25,600119.SH,B,8.120,100
315,58,2025-09-22,2025-09-22 14:55:24,688403.SH,S,15.170,1641
316,58,2025-09-22,2025-09-22 14:55:22,601519.SH,S,15.810,100
317,52,2025-09-22,2025-09-22 14:55:23,002703.SZ,B,13.020,800
318,59,2025-09-22,2025-09-22 14:55:23,300345.SZ,B,6.850,500
319,52,2025-09-22,2025-09-22 14:55:22,300229.SZ,B,21.510,600
320,58,2025-09-22,2025-09-22 14:55:20,600521.SH,B,22.420,100
321,58,2025-09-22,2025-09-22 14:55:19,603815.SH,B,12.170,300
322,58,2025-09-22,2025-09-22 14:55:18,300252.SZ,B,15.250,100
323,58,2025-09-22,2025-09-22 14:55:18,600513.SH,B,19.950,100
324,52,2025-09-22,2025-09-22 14:53:12,688403.SH,S,15.170,923
325,52,2025-09-22,2025-09-22 14:53:12,688403.SH,S,15.170,300
326,58,2025-09-22,2025-09-22 14:55:17,002378.SZ,B,12.300,100
327,52,2025-09-22,2025-09-22 14:53:12,688403.SH,S,15.170,200
328,58,2025-09-22,2025-09-22 14:55:18,300043.SZ,S,6.880,100
329,52,2025-09-22,2025-09-22 14:53:12,688403.SH,S,15.170,262
330,58,2025-09-22,2025-09-22 14:55:17,002126.SZ,S,42.050,1000
331,58,2025-09-22,2025-09-22 14:55:13,603051.SH,B,23.330,100
332,58,2025-09-22,2025-09-22 14:55:13,301002.SZ,S,41.620,100
333,61,2025-09-22,2025-09-22 14:55:14,600744.SH,B,6.470,300
334,61,2025-09-22,2025-09-22 14:55:13,601020.SH,S,25.250,100
335,59,2025-09-22,2025-09-22 14:55:13,001222.SZ,B,23.170,100
336,61,2025-09-22,2025-09-22 14:55:12,603928.SH,B,15.910,100
337,59,2025-09-22,2025-09-22 14:55:11,601020.SH,S,25.260,100
338,52,2025-09-22,2025-09-22 14:54:53,301002.SZ,S,41.700,100
339,61,2025-09-22,2025-09-22 14:55:09,603936.SH,B,13.770,200
340,61,2025-09-22,2025-09-22 14:55:09,603936.SH,B,13.770,100
341,61,2025-09-22,2025-09-22 14:55:09,300737.SZ,S,5.220,100
342,61,2025-09-22,2025-09-22 14:55:09,603344.SH,S,28.620,200
343,61,2025-09-22,2025-09-22 14:55:09,603344.SH,S,28.620,100
344,61,2025-09-22,2025-09-22 14:55:09,603344.SH,S,28.620,100
345,61,2025-09-22,2025-09-22 14:55:08,300304.SZ,B,13.810,300
346,61,2025-09-22,2025-09-22 14:55:08,002741.SZ,S,22.750,200
347,59,2025-09-22,2025-09-22 14:55:07,603928.SH,B,15.900,100
348,61,2025-09-22,2025-09-22 14:55:04,600703.SH,B,15.270,200
349,61,2025-09-22,2025-09-22 14:55:05,002196.SZ,B,9.790,600
350,58,2025-09-22,2025-09-22 14:54:58,600610.SH,B,11.450,100
351,52,2025-09-22,2025-09-22 14:54:01,603588.SH,S,6.610,100
352,58,2025-09-22,2025-09-22 14:54:48,600392.SH,B,22.380,300
353,59,2025-09-22,2025-09-22 14:54:49,300180.SZ,B,7.570,300
354,52,2025-09-22,2025-09-22 14:54:48,000659.SZ,S,2.940,100
355,59,2025-09-22,2025-09-22 14:54:48,002820.SZ,B,12.290,300
356,61,2025-09-22,2025-09-22 14:54:47,300905.SZ,B,35.810,100
357,61,2025-09-22,2025-09-22 14:54:47,300767.SZ,B,22.790,300
358,58,2025-09-22,2025-09-22 14:54:46,300767.SZ,B,22.790,100
359,58,2025-09-22,2025-09-22 14:54:46,002446.SZ,S,8.640,900
360,59,2025-09-22,2025-09-22 14:54:47,002265.SZ,B,30.900,300
361,59,2025-09-22,2025-09-22 14:54:47,600026.SH,B,12.260,300
362,61,2025-09-22,2025-09-22 14:54:46,300593.SZ,B,18.500,580
363,61,2025-09-22,2025-09-22 14:54:46,600822.SH,S,12.580,1700
364,61,2025-09-22,2025-09-22 14:54:46,300593.SZ,B,18.500,120
365,59,2025-09-22,2025-09-22 14:54:46,600822.SH,S,12.580,1300
366,61,2025-09-22,2025-09-22 14:54:45,600822.SH,S,12.580,300
367,61,2025-09-22,2025-09-22 14:54:45,688556.SH,B,10.970,198
368,61,2025-09-22,2025-09-22 14:54:45,600822.SH,S,12.580,1200
369,58,2025-09-22,2025-09-22 14:54:46,300658.SZ,B,8.360,500
370,59,2025-09-22,2025-09-22 14:54:45,002765.SZ,B,13.900,100
371,61,2025-09-22,2025-09-22 14:54:44,688556.SH,B,10.970,202
372,61,2025-09-22,2025-09-22 14:54:40,002053.SZ,B,13.190,100
373,52,2025-09-22,2025-09-22 14:53:42,002772.SZ,B,9.720,800
374,52,2025-09-22,2025-09-22 14:54:03,002820.SZ,B,12.290,200
375,61,2025-09-22,2025-09-22 14:54:39,300577.SZ,B,24.620,100
376,52,2025-09-22,2025-09-22 14:54:39,002055.SZ,B,8.250,200
377,52,2025-09-22,2025-09-22 14:54:39,300180.SZ,B,7.570,200
378,52,2025-09-22,2025-09-22 14:54:36,603201.SH,S,19.300,200
379,61,2025-09-22,2025-09-22 14:54:38,000953.SZ,S,7.320,400
380,59,2025-09-22,2025-09-22 14:54:36,300047.SZ,B,16.740,800
381,59,2025-09-22,2025-09-22 14:54:36,002703.SZ,B,13.000,1200
382,52,2025-09-22,2025-09-22 14:54:35,002150.SZ,B,15.480,200
383,59,2025-09-22,2025-09-22 14:54:33,600513.SH,B,19.950,100
384,52,2025-09-22,2025-09-22 14:54:31,601865.SH,B,17.270,200
385,58,2025-09-22,2025-09-22 14:54:30,300577.SZ,B,24.620,100
386,59,2025-09-22,2025-09-22 14:54:31,002741.SZ,S,22.750,100
387,58,2025-09-22,2025-09-22 14:54:29,603613.SH,B,29.990,100
388,58,2025-09-22,2025-09-22 14:54:29,002330.SZ,S,4.980,1000
389,58,2025-09-22,2025-09-22 14:54:29,002330.SZ,S,4.980,200
390,59,2025-09-22,2025-09-22 14:54:29,601609.SH,B,11.730,100
391,52,2025-09-22,2025-09-22 14:54:27,002330.SZ,S,4.980,900
392,61,2025-09-22,2025-09-22 14:54:28,002922.SZ,B,21.220,100
393,61,2025-09-22,2025-09-22 14:54:28,002222.SZ,B,52.750,100
394,61,2025-09-22,2025-09-22 14:54:28,002922.SZ,B,21.220,200
395,59,2025-09-22,2025-09-22 14:54:27,002622.SZ,S,4.040,1100
396,61,2025-09-22,2025-09-22 14:54:26,300382.SZ,B,18.010,300
397,61,2025-09-22,2025-09-22 14:54:27,603058.SH,S,9.490,1300
398,52,2025-09-22,2025-09-22 14:53:48,603058.SH,S,9.490,300
399,59,2025-09-22,2025-09-22 14:54:25,300382.SZ,B,18.010,100
400,59,2025-09-22,2025-09-22 14:54:25,300382.SZ,B,18.010,200
401,59,2025-09-22,2025-09-22 14:54:25,002622.SZ,S,4.040,100
402,59,2025-09-22,2025-09-22 14:54:25,002622.SZ,S,4.040,100
403,59,2025-09-22,2025-09-22 14:54:25,002622.SZ,S,4.040,100
404,59,2025-09-22,2025-09-22 14:54:25,002622.SZ,S,4.040,400
405,61,2025-09-22,2025-09-22 14:54:25,002622.SZ,S,4.040,1400
406,59,2025-09-22,2025-09-22 14:54:23,300593.SZ,B,18.490,100
407,59,2025-09-22,2025-09-22 14:54:22,300593.SZ,B,18.490,200
408,59,2025-09-22,2025-09-22 14:54:21,002677.SZ,S,7.710,1500
409,59,2025-09-22,2025-09-22 14:54:20,603118.SH,B,13.240,300
410,59,2025-09-22,2025-09-22 14:54:19,002677.SZ,S,7.710,500
411,52,2025-09-22,2025-09-22 14:54:19,300047.SZ,B,16.740,800
412,52,2025-09-22,2025-09-22 14:54:18,002126.SZ,S,42.040,300
413,59,2025-09-22,2025-09-22 14:54:19,002677.SZ,S,7.710,4000
414,52,2025-09-22,2025-09-22 14:54:17,603089.SH,S,16.660,100
415,58,2025-09-22,2025-09-22 14:54:15,002624.SZ,B,18.860,100
416,61,2025-09-22,2025-09-22 14:54:14,000833.SZ,B,14.070,100
417,52,2025-09-22,2025-09-22 14:54:13,000061.SZ,B,8.800,800
418,52,2025-09-22,2025-09-22 14:53:53,002960.SZ,S,12.940,300
419,52,2025-09-22,2025-09-22 14:54:12,002250.SZ,B,10.650,200
420,58,2025-09-22,2025-09-22 14:54:12,002558.SZ,B,44.860,100
421,61,2025-09-22,2025-09-22 14:54:12,300222.SZ,B,13.020,100
422,58,2025-09-22,2025-09-22 14:54:10,603948.SH,B,24.700,100
423,58,2025-09-22,2025-09-22 14:54:11,002196.SZ,B,9.780,500
424,52,2025-09-22,2025-09-22 14:54:07,601778.SH,B,3.750,2200
425,61,2025-09-22,2025-09-22 14:54:10,605033.SH,B,22.200,400
426,58,2025-09-22,2025-09-22 14:54:09,002491.SZ,S,6.020,1600
427,59,2025-09-22,2025-09-22 14:54:09,002150.SZ,B,15.480,300
428,61,2025-09-22,2025-09-22 14:54:09,002865.SZ,B,41.970,300
429,61,2025-09-22,2025-09-22 14:54:08,300068.SZ,S,19.070,1100
430,61,2025-09-22,2025-09-22 14:54:08,002624.SZ,B,18.860,100
431,52,2025-09-22,2025-09-22 14:54:07,688567.SH,B,20.850,472
432,52,2025-09-22,2025-09-22 14:53:55,002053.SZ,S,13.200,100
433,52,2025-09-22,2025-09-22 14:54:04,600118.SH,S,35.390,100
434,52,2025-09-22,2025-09-22 14:53:41,002677.SZ,S,7.710,2600
435,52,2025-09-22,2025-09-22 14:54:04,600118.SH,S,35.390,100
436,61,2025-09-22,2025-09-22 14:54:07,600703.SH,B,15.270,300
437,59,2025-09-22,2025-09-22 14:54:06,688549.SH,S,9.600,727
438,61,2025-09-22,2025-09-22 14:54:06,600610.SH,B,11.440,300
439,61,2025-09-22,2025-09-22 14:54:05,002330.SZ,S,4.980,1200
440,61,2025-09-22,2025-09-22 14:54:04,002330.SZ,S,4.980,600
441,52,2025-09-22,2025-09-22 14:54:03,300593.SZ,B,18.500,200
442,58,2025-09-22,2025-09-22 14:54:02,002865.SZ,B,41.960,100
443,58,2025-09-22,2025-09-22 14:54:01,002384.SZ,S,79.720,100
444,52,2025-09-22,2025-09-22 14:53:21,600601.SH,S,11.350,400
445,61,2025-09-22,2025-09-22 14:54:00,000026.SZ,B,16.580,100
446,61,2025-09-22,2025-09-22 14:53:59,600118.SH,S,35.380,100
447,52,2025-09-22,2025-09-22 14:52:24,002212.SZ,S,10.240,100
448,58,2025-09-22,2025-09-22 14:53:52,600353.SH,B,17.190,100
449,61,2025-09-22,2025-09-22 14:53:52,002809.SZ,B,11.580,300
450,61,2025-09-22,2025-09-22 14:53:51,605196.SH,B,25.500,100
451,61,2025-09-22,2025-09-22 14:53:49,688549.SH,S,9.600,1791
452,52,2025-09-22,2025-09-22 14:53:16,600026.SH,B,12.260,200
453,59,2025-09-22,2025-09-22 14:53:49,002772.SZ,B,9.730,500
454,59,2025-09-22,2025-09-22 14:53:49,002772.SZ,B,9.730,300
455,59,2025-09-22,2025-09-22 14:53:49,002772.SZ,B,9.730,200
456,61,2025-09-22,2025-09-22 14:53:48,002222.SZ,B,52.750,100
457,58,2025-09-22,2025-09-22 14:53:47,300047.SZ,B,16.750,200
458,59,2025-09-22,2025-09-22 14:53:48,000061.SZ,B,8.810,600
459,59,2025-09-22,2025-09-22 14:53:48,002484.SZ,S,32.510,100
460,59,2025-09-22,2025-09-22 14:53:48,000061.SZ,B,8.810,400
461,61,2025-09-22,2025-09-22 14:53:47,300703.SZ,B,32.510,100
462,58,2025-09-22,2025-09-22 14:53:47,600118.SH,S,35.390,400
463,59,2025-09-22,2025-09-22 14:53:47,603344.SH,S,28.660,100
464,58,2025-09-22,2025-09-22 14:53:46,002545.SZ,B,13.280,100
465,58,2025-09-22,2025-09-22 14:53:45,002809.SZ,B,11.590,100
466,59,2025-09-22,2025-09-22 14:53:46,300068.SZ,S,19.060,400
467,61,2025-09-22,2025-09-22 14:53:45,002735.SZ,S,15.530,200
468,58,2025-09-22,2025-09-22 14:53:45,002679.SZ,S,10.310,100
469,59,2025-09-22,2025-09-22 14:53:45,002735.SZ,S,15.530,100
470,61,2025-09-22,2025-09-22 14:53:45,000659.SZ,S,2.950,100
471,61,2025-09-22,2025-09-22 14:53:44,603926.SH,B,17.800,100
472,59,2025-09-22,2025-09-22 14:53:44,002174.SZ,B,11.850,100
473,52,2025-09-22,2025-09-22 14:53:43,603118.SH,B,13.230,200
474,61,2025-09-22,2025-09-22 14:53:44,300185.SZ,S,3.110,100
475,61,2025-09-22,2025-09-22 14:53:42,603815.SH,B,12.110,100
476,61,2025-09-22,2025-09-22 14:53:42,603815.SH,B,12.110,200
477,61,2025-09-22,2025-09-22 14:53:42,603815.SH,B,12.110,100
478,52,2025-09-22,2025-09-22 14:53:42,002484.SZ,S,32.510,100
479,52,2025-09-22,2025-09-22 14:53:42,300684.SZ,S,44.460,100
480,58,2025-09-22,2025-09-22 14:53:42,603758.SH,B,15.700,100
481,61,2025-09-22,2025-09-22 14:53:42,600366.SH,B,14.410,700
482,61,2025-09-22,2025-09-22 14:53:41,600671.SH,S,18.260,400
483,52,2025-09-22,2025-09-22 14:53:06,603758.SH,B,15.700,200
484,58,2025-09-22,2025-09-22 14:53:40,301022.SZ,B,40.090,100
485,52,2025-09-22,2025-09-22 14:51:52,300185.SZ,S,3.110,800
486,58,2025-09-22,2025-09-22 14:53:39,603360.SH,B,25.630,100
487,59,2025-09-22,2025-09-22 14:53:40,300185.SZ,S,3.110,100
488,58,2025-09-22,2025-09-22 14:53:38,300068.SZ,S,19.060,300
489,58,2025-09-22,2025-09-22 14:53:38,300684.SZ,S,44.470,100
490,61,2025-09-22,2025-09-22 14:53:38,002960.SZ,S,12.940,1000
491,61,2025-09-22,2025-09-22 14:53:37,600118.SH,S,35.350,100
492,59,2025-09-22,2025-09-22 14:53:36,002330.SZ,S,4.980,100
493,59,2025-09-22,2025-09-22 14:53:35,600671.SH,S,18.250,100
494,59,2025-09-22,2025-09-22 14:53:35,300792.SZ,B,31.450,100
495,59,2025-09-22,2025-09-22 14:53:34,002330.SZ,S,4.980,100
496,59,2025-09-22,2025-09-22 14:53:34,002330.SZ,S,4.980,100
497,59,2025-09-22,2025-09-22 14:53:34,002330.SZ,S,4.980,500
498,59,2025-09-22,2025-09-22 14:53:33,603058.SH,S,9.470,200
499,59,2025-09-22,2025-09-22 14:53:33,300485.SZ,B,11.730,500
500,61,2025-09-22,2025-09-22 14:53:32,603613.SH,B,29.990,100
501,58,2025-09-22,2025-09-22 14:53:31,603773.SH,B,34.150,300
502,59,2025-09-22,2025-09-22 14:53:31,603058.SH,S,9.470,400
503,58,2025-09-22,2025-09-22 14:53:28,003020.SZ,B,28.190,100
504,58,2025-09-22,2025-09-22 14:53:28,600601.SH,S,11.340,1100
505,59,2025-09-22,2025-09-22 14:53:28,003040.SZ,B,21.450,100
506,59,2025-09-22,2025-09-22 14:53:28,002284.SZ,B,12.680,100
507,61,2025-09-22,2025-09-22 14:53:27,600521.SH,B,22.410,100
508,52,2025-09-22,2025-09-22 14:53:05,002284.SZ,B,12.680,600
509,61,2025-09-22,2025-09-22 14:53:26,300609.SZ,B,42.090,100
510,61,2025-09-22,2025-09-22 14:53:25,002491.SZ,S,6.020,1900
511,52,2025-09-22,2025-09-22 14:53:12,002735.SZ,S,15.530,100
512,59,2025-09-22,2025-09-22 14:53:25,002491.SZ,S,6.020,800
513,52,2025-09-22,2025-09-22 14:53:24,002491.SZ,S,6.020,400
514,58,2025-09-22,2025-09-22 14:53:22,600172.SH,B,4.940,100
515,59,2025-09-22,2025-09-22 14:53:18,300045.SZ,S,22.740,100
516,52,2025-09-22,2025-09-22 14:52:10,600721.SH,S,9.500,100
517,61,2025-09-22,2025-09-22 14:53:15,300658.SZ,B,8.360,300
518,61,2025-09-22,2025-09-22 14:53:15,300658.SZ,B,8.360,300
519,52,2025-09-22,2025-09-22 14:53:03,300382.SZ,B,18.020,200
520,59,2025-09-22,2025-09-22 14:53:15,300658.SZ,B,8.360,100
521,52,2025-09-22,2025-09-22 14:51:52,300276.SZ,S,10.950,100
522,61,2025-09-22,2025-09-22 14:53:11,002250.SZ,B,10.640,300
523,58,2025-09-22,2025-09-22 14:53:08,000813.SZ,S,4.370,100
524,58,2025-09-22,2025-09-22 14:53:06,300358.SZ,S,8.890,100
525,58,2025-09-22,2025-09-22 14:53:05,601609.SH,B,11.720,200
526,58,2025-09-22,2025-09-22 14:53:05,601609.SH,B,11.720,300
527,52,2025-09-22,2025-09-22 14:52:45,002922.SZ,B,21.180,100
528,52,2025-09-22,2025-09-22 14:52:45,002922.SZ,B,21.180,100
529,58,2025-09-22,2025-09-22 14:53:04,600340.SH,S,2.240,70
530,58,2025-09-22,2025-09-22 14:53:04,600340.SH,S,2.240,900
531,58,2025-09-22,2025-09-22 14:53:04,600340.SH,S,2.240,1100
532,58,2025-09-22,2025-09-22 14:53:04,600340.SH,S,2.240,1000
533,58,2025-09-22,2025-09-22 14:53:03,600340.SH,S,2.240,100
534,58,2025-09-22,2025-09-22 14:53:03,600340.SH,S,2.240,30
535,61,2025-09-22,2025-09-22 14:53:04,688556.SH,B,10.980,400
536,61,2025-09-22,2025-09-22 14:53:03,002418.SZ,S,4.690,100
537,52,2025-09-22,2025-09-22 14:53:01,002677.SZ,S,7.710,1400
538,52,2025-09-22,2025-09-22 14:53:01,002677.SZ,S,7.710,100
539,59,2025-09-22,2025-09-22 14:53:00,000017.SZ,S,6.730,100
540,52,2025-09-22,2025-09-22 14:51:52,600433.SH,S,3.260,1300
541,58,2025-09-22,2025-09-22 14:52:56,002256.SZ,B,3.010,2200
542,59,2025-09-22,2025-09-22 14:52:56,603773.SH,B,34.150,100
543,52,2025-09-22,2025-09-22 14:51:52,002256.SZ,B,3.010,3200
544,61,2025-09-22,2025-09-22 14:52:55,601113.SH,S,4.300,100
545,61,2025-09-22,2025-09-22 14:52:53,300885.SZ,B,25.260,100
546,61,2025-09-22,2025-09-22 14:52:53,002826.SZ,S,19.990,200
547,59,2025-09-22,2025-09-22 14:52:51,600433.SH,S,3.260,1500
548,58,2025-09-22,2025-09-22 14:52:46,600026.SH,B,12.260,500
549,58,2025-09-22,2025-09-22 14:52:46,300222.SZ,B,13.010,100
550,58,2025-09-22,2025-09-22 14:52:46,002622.SZ,S,4.030,1600
551,52,2025-09-22,2025-09-22 14:51:52,002622.SZ,S,4.030,900
552,52,2025-09-22,2025-09-22 14:51:52,002172.SZ,S,4.220,100
553,61,2025-09-22,2025-09-22 14:52:43,002169.SZ,S,7.190,100
554,58,2025-09-22,2025-09-22 14:52:36,301125.SZ,B,21.450,100
555,61,2025-09-22,2025-09-22 14:52:32,002263.SZ,B,3.870,1200
556,58,2025-09-22,2025-09-22 14:52:30,601975.SH,S,3.110,200
557,52,2025-09-22,2025-09-22 14:51:52,002263.SZ,B,3.870,800
558,58,2025-09-22,2025-09-22 14:52:25,300345.SZ,B,6.850,600
559,59,2025-09-22,2025-09-22 14:52:22,002263.SZ,B,3.870,500
560,52,2025-09-22,2025-09-22 14:51:52,300345.SZ,B,6.850,200
561,59,2025-09-22,2025-09-22 14:52:20,300687.SZ,B,26.330,100
562,58,2025-09-22,2025-09-22 14:52:19,002765.SZ,B,13.870,500
563,59,2025-09-22,2025-09-22 14:52:19,002826.SZ,S,19.980,100
564,61,2025-09-22,2025-09-22 14:52:17,300468.SZ,B,39.280,100
565,58,2025-09-22,2025-09-22 14:52:15,002826.SZ,S,19.980,200
566,59,2025-09-22,2025-09-22 14:52:16,603815.SH,B,12.120,100
567,61,2025-09-22,2025-09-22 14:52:15,600340.SH,S,2.240,3500
568,61,2025-09-22,2025-09-22 14:52:15,603758.SH,B,15.700,300
569,61,2025-09-22,2025-09-22 14:52:15,301052.SZ,S,82.890,100
570,61,2025-09-22,2025-09-22 14:52:14,300947.SZ,B,20.310,100
571,59,2025-09-22,2025-09-22 14:52:13,688556.SH,B,10.960,841
572,58,2025-09-22,2025-09-22 14:52:10,002820.SZ,B,12.290,800
573,52,2025-09-22,2025-09-22 14:51:57,601899.SH,S,25.340,100
574,58,2025-09-22,2025-09-22 14:52:02,603936.SH,B,13.750,100
575,52,2025-09-22,2025-09-22 14:51:52,000882.SZ,B,2.140,4400
576,59,2025-09-22,2025-09-22 14:51:35,603536.SH,S,10.180,100
577,59,2025-09-22,2025-09-22 14:51:27,603536.SH,S,10.180,200
578,59,2025-09-22,2025-09-22 14:51:27,603536.SH,S,10.180,100
579,59,2025-09-22,2025-09-22 14:51:21,000953.SZ,S,7.310,200
580,59,2025-09-22,2025-09-22 14:51:21,601519.SH,S,15.790,100
581,59,2025-09-22,2025-09-22 14:51:21,600340.SH,S,2.240,1400
582,58,2025-09-22,2025-09-22 14:13:53,601975.SH,S,3.100,100
583,61,2025-09-22,2025-09-22 14:13:27,002431.SZ,B,2.480,2400
584,61,2025-09-22,2025-09-22 14:13:26,301419.SZ,S,36.660,100
585,61,2025-09-22,2025-09-22 14:13:20,002374.SZ,B,2.900,1200
586,58,2025-09-22,2025-09-22 14:13:18,603306.SH,B,52.570,100
587,58,2025-09-22,2025-09-22 14:13:17,002330.SZ,S,4.960,3200
588,61,2025-09-22,2025-09-22 14:13:17,603306.SH,B,52.570,100
589,52,2025-09-22,2025-09-22 14:13:14,002330.SZ,S,4.960,1400
590,59,2025-09-22,2025-09-22 14:13:13,002622.SZ,B,4.020,1300
591,52,2025-09-22,2025-09-22 14:13:11,002330.SZ,S,4.960,1500
592,59,2025-09-22,2025-09-22 14:13:11,603536.SH,B,10.140,1000
593,59,2025-09-22,2025-09-22 14:13:10,603306.SH,B,52.550,100
594,58,2025-09-22,2025-09-22 14:13:10,301419.SZ,S,36.680,100
595,61,2025-09-22,2025-09-22 14:13:09,002624.SZ,B,18.670,200
596,61,2025-09-22,2025-09-22 14:13:09,002624.SZ,B,18.660,600
597,59,2025-09-22,2025-09-22 14:13:08,002330.SZ,S,4.960,2100
598,59,2025-09-22,2025-09-22 14:13:08,002622.SZ,B,4.020,1300
599,59,2025-09-22,2025-09-22 14:13:07,002250.SZ,B,10.620,400
600,52,2025-09-22,2025-09-22 14:13:07,002212.SZ,S,10.190,500
601,61,2025-09-22,2025-09-22 14:13:08,300304.SZ,B,13.820,500
602,61,2025-09-22,2025-09-22 14:13:08,300304.SZ,B,13.820,100
603,61,2025-09-22,2025-09-22 14:13:07,002323.SZ,S,1.810,100
604,61,2025-09-22,2025-09-22 14:13:07,002250.SZ,B,10.620,500
605,61,2025-09-22,2025-09-22 14:13:07,301419.SZ,S,36.650,200
606,61,2025-09-22,2025-09-22 14:13:07,002330.SZ,S,4.960,5200
607,61,2025-09-22,2025-09-22 14:13:04,601975.SH,S,3.100,100
608,58,2025-09-22,2025-09-22 14:13:02,002195.SZ,S,7.880,400
609,58,2025-09-22,2025-09-22 14:13:00,000700.SZ,S,11.550,500
610,58,2025-09-22,2025-09-22 14:13:00,000700.SZ,S,11.550,100
611,58,2025-09-22,2025-09-22 14:13:00,000700.SZ,S,11.550,1000
612,58,2025-09-22,2025-09-22 14:13:00,300684.SZ,S,44.360,100
613,58,2025-09-22,2025-09-22 14:13:00,000700.SZ,S,11.550,500
614,61,2025-09-22,2025-09-22 14:13:00,002313.SZ,B,11.620,400
615,59,2025-09-22,2025-09-22 14:13:00,002313.SZ,B,11.620,200
616,61,2025-09-22,2025-09-22 14:12:58,002624.SZ,B,18.670,300
617,61,2025-09-22,2025-09-22 14:12:56,002313.SZ,B,11.620,500
618,52,2025-09-22,2025-09-22 14:12:09,300785.SZ,B,40.140,100
619,58,2025-09-22,2025-09-22 14:12:02,603306.SH,B,52.610,100
620,61,2025-09-22,2025-09-22 14:11:58,600703.SH,B,15.200,200
621,61,2025-09-22,2025-09-22 14:11:54,600703.SH,B,15.200,200
622,61,2025-09-22,2025-09-22 14:11:54,301161.SZ,B,37.260,200
623,61,2025-09-22,2025-09-22 14:11:54,301161.SZ,B,37.260,200
624,58,2025-09-22,2025-09-22 14:11:52,301161.SZ,B,37.260,200
625,61,2025-09-22,2025-09-22 14:11:50,000700.SZ,S,11.560,500
626,61,2025-09-22,2025-09-22 14:11:49,300382.SZ,B,17.760,100
627,61,2025-09-22,2025-09-22 14:11:49,000700.SZ,S,11.560,300
628,61,2025-09-22,2025-09-22 14:11:49,300382.SZ,B,17.760,100
629,58,2025-09-22,2025-09-22 14:11:47,002212.SZ,S,10.200,900
630,61,2025-09-22,2025-09-22 14:11:36,300785.SZ,B,40.140,100
631,59,2025-09-22,2025-09-22 14:11:36,001222.SZ,B,23.070,300
632,61,2025-09-22,2025-09-22 14:11:35,001222.SZ,B,23.070,300
633,58,2025-09-22,2025-09-22 14:11:32,300185.SZ,B,3.110,800
634,52,2025-09-22,2025-09-22 14:11:31,300185.SZ,B,3.110,1000
635,61,2025-09-22,2025-09-22 14:11:31,000700.SZ,S,11.560,800
636,61,2025-09-22,2025-09-22 14:11:31,000700.SZ,S,11.560,700
637,59,2025-09-22,2025-09-22 14:11:22,600521.SH,B,22.300,400
638,52,2025-09-22,2025-09-22 14:10:12,600392.SH,B,22.130,600
639,61,2025-09-22,2025-09-22 14:11:13,300185.SZ,B,3.080,700
640,61,2025-09-22,2025-09-22 14:11:12,603131.SH,S,21.710,500
641,59,2025-09-22,2025-09-22 14:11:12,603131.SH,S,21.710,200
642,61,2025-09-22,2025-09-22 14:11:11,002212.SZ,S,10.200,500
643,59,2025-09-22,2025-09-22 14:11:03,002212.SZ,S,10.200,800
644,61,2025-09-22,2025-09-22 14:11:02,002212.SZ,S,10.200,1400
645,61,2025-09-22,2025-09-22 14:11:00,003033.SZ,B,53.090,100
646,61,2025-09-22,2025-09-22 14:10:55,002378.SZ,B,12.170,300
647,61,2025-09-22,2025-09-22 14:10:48,300408.SZ,B,49.450,100
648,61,2025-09-22,2025-09-22 14:10:48,300408.SZ,B,49.450,100
649,59,2025-09-22,2025-09-22 14:10:45,000700.SZ,S,11.590,1700
650,61,2025-09-22,2025-09-22 14:10:45,000700.SZ,S,11.590,1900
651,61,2025-09-22,2025-09-22 14:10:43,002431.SZ,B,2.470,100
652,58,2025-09-22,2025-09-22 14:10:34,002250.SZ,B,10.610,500
653,58,2025-09-22,2025-09-22 14:10:28,300785.SZ,B,40.210,100
654,58,2025-09-22,2025-09-22 14:10:28,300785.SZ,B,40.210,100
655,61,2025-09-22,2025-09-22 14:10:20,002431.SZ,B,2.470,1400
656,61,2025-09-22,2025-09-22 14:10:14,300485.SZ,B,11.660,300
657,52,2025-09-22,2025-09-22 14:10:09,002126.SZ,S,42.610,200
658,61,2025-09-22,2025-09-22 14:10:12,002431.SZ,B,2.470,1900
659,61,2025-09-22,2025-09-22 14:10:11,603506.SH,B,14.060,400
660,58,2025-09-22,2025-09-22 14:10:09,002126.SZ,S,42.610,100
661,58,2025-09-22,2025-09-22 14:10:09,002126.SZ,S,42.620,200
662,58,2025-09-22,2025-09-22 14:09:47,002624.SZ,B,18.660,300
663,58,2025-09-22,2025-09-22 14:09:45,603506.SH,B,14.050,300
664,58,2025-09-22,2025-09-22 14:09:45,603506.SH,B,14.050,100
665,59,2025-09-22,2025-09-22 14:09:36,300185.SZ,B,3.080,400
666,61,2025-09-22,2025-09-22 14:09:30,002164.SZ,S,14.240,100
667,59,2025-09-22,2025-09-22 14:09:30,002164.SZ,S,14.240,100
668,58,2025-09-22,2025-09-22 14:09:17,001222.SZ,B,23.080,1400
669,52,2025-09-22,2025-09-22 14:08:58,001222.SZ,B,23.080,300
670,61,2025-09-22,2025-09-22 14:08:58,001222.SZ,B,23.080,200
671,61,2025-09-22,2025-09-22 14:08:58,001222.SZ,B,23.080,300
672,61,2025-09-22,2025-09-22 14:08:58,300304.SZ,B,13.810,100
673,61,2025-09-22,2025-09-22 14:08:58,300304.SZ,B,13.810,200
674,61,2025-09-22,2025-09-22 14:08:57,003040.SZ,B,21.160,200
675,61,2025-09-22,2025-09-22 14:08:58,301022.SZ,B,39.570,200
676,61,2025-09-22,2025-09-22 14:08:50,300609.SZ,B,41.820,100
677,61,2025-09-22,2025-09-22 14:08:50,002126.SZ,S,42.500,1100
678,59,2025-09-22,2025-09-22 14:08:43,002053.SZ,B,13.180,200
679,59,2025-09-22,2025-09-22 14:08:43,300785.SZ,B,40.160,200
680,61,2025-09-22,2025-09-22 14:08:39,002820.SZ,B,12.210,200
681,58,2025-09-22,2025-09-22 14:08:27,002330.SZ,S,4.970,4600
682,61,2025-09-22,2025-09-22 14:08:16,002053.SZ,B,13.180,400
683,58,2025-09-22,2025-09-22 14:08:11,002313.SZ,B,11.580,800
684,59,2025-09-22,2025-09-22 14:08:09,002624.SZ,B,18.640,300
685,61,2025-09-22,2025-09-22 14:08:09,002622.SZ,B,4.010,1300
686,52,2025-09-22,2025-09-22 14:08:07,603698.SH,S,19.070,100
687,59,2025-09-22,2025-09-22 14:08:04,300232.SZ,S,8.330,100
688,61,2025-09-22,2025-09-22 14:08:04,300232.SZ,S,8.330,100
689,61,2025-09-22,2025-09-22 14:08:02,002378.SZ,B,12.140,600
690,59,2025-09-22,2025-09-22 14:08:02,002378.SZ,B,12.140,400
691,59,2025-09-22,2025-09-22 14:08:01,603506.SH,B,14.010,400
692,52,2025-09-22,2025-09-22 14:07:57,000700.SZ,S,11.490,1300
693,58,2025-09-22,2025-09-22 14:08:01,000700.SZ,S,11.490,1400
694,58,2025-09-22,2025-09-22 14:08:00,002250.SZ,B,10.590,300
695,61,2025-09-22,2025-09-22 14:07:55,301125.SZ,B,21.310,200
696,61,2025-09-22,2025-09-22 14:07:52,003033.SZ,B,52.940,100
697,61,2025-09-22,2025-09-22 14:07:46,600703.SH,B,15.150,800
698,59,2025-09-22,2025-09-22 14:07:44,002195.SZ,S,7.870,600
699,61,2025-09-22,2025-09-22 14:07:44,002195.SZ,S,7.870,1800
700,61,2025-09-22,2025-09-22 14:07:37,002703.SZ,B,12.860,700
701,59,2025-09-22,2025-09-22 14:06:42,603758.SH,B,15.650,200
702,58,2025-09-22,2025-09-22 14:07:26,002703.SZ,B,12.870,400
703,59,2025-09-22,2025-09-22 14:07:01,300485.SZ,B,11.640,200
704,59,2025-09-22,2025-09-22 14:07:23,603306.SH,B,52.210,100
705,61,2025-09-22,2025-09-22 14:07:24,603936.SH,B,13.670,200
706,61,2025-09-22,2025-09-22 14:07:23,603630.SH,B,24.450,200
707,61,2025-09-22,2025-09-22 14:07:22,603306.SH,B,52.210,100
708,59,2025-09-22,2025-09-22 14:06:31,002126.SZ,S,42.300,6
709,59,2025-09-22,2025-09-22 14:06:31,002126.SZ,S,42.300,300
710,59,2025-09-22,2025-09-22 14:06:31,002126.SZ,S,42.300,194
711,59,2025-09-22,2025-09-22 14:07:21,002330.SZ,S,4.960,4200
712,58,2025-09-22,2025-09-22 14:07:21,002330.SZ,S,4.960,4100
713,61,2025-09-22,2025-09-22 14:07:22,603758.SH,B,15.630,200
714,61,2025-09-22,2025-09-22 14:07:21,002330.SZ,S,4.960,10500
715,58,2025-09-22,2025-09-22 14:07:21,600392.SH,B,22.040,400
716,58,2025-09-22,2025-09-22 14:07:17,002378.SZ,B,12.130,800
717,52,2025-09-22,2025-09-22 14:07:16,002378.SZ,B,12.130,300
718,61,2025-09-22,2025-09-22 14:07:15,300485.SZ,B,11.640,400
719,58,2025-09-22,2025-09-22 14:07:05,603009.SH,S,56.800,100
720,52,2025-09-22,2025-09-22 14:05:39,002330.SZ,S,4.960,400
721,52,2025-09-22,2025-09-22 14:05:39,002330.SZ,S,4.960,1000
722,61,2025-09-22,2025-09-22 14:07:00,603009.SH,S,56.800,200
723,61,2025-09-22,2025-09-22 14:07:03,300609.SZ,B,41.760,100
724,58,2025-09-22,2025-09-22 14:06:59,002330.SZ,S,4.960,1000
725,58,2025-09-22,2025-09-22 14:06:53,301419.SZ,S,36.590,200
726,58,2025-09-22,2025-09-22 14:06:39,002330.SZ,S,4.960,900
727,58,2025-09-22,2025-09-22 14:06:38,002126.SZ,S,42.290,300
728,58,2025-09-22,2025-09-22 14:06:28,603936.SH,B,13.670,400
729,58,2025-09-22,2025-09-22 14:06:23,603698.SH,S,19.070,500
730,58,2025-09-22,2025-09-22 14:06:16,301161.SZ,B,37.160,200
731,58,2025-09-22,2025-09-22 14:06:13,002624.SZ,B,18.620,400
732,58,2025-09-22,2025-09-22 14:06:12,300684.SZ,S,44.250,100
733,52,2025-09-22,2025-09-22 14:05:50,603506.SH,B,13.990,100
734,52,2025-09-22,2025-09-22 14:05:50,603506.SH,B,13.990,100
735,52,2025-09-22,2025-09-22 14:05:50,603506.SH,B,13.990,100
736,58,2025-09-22,2025-09-22 14:05:59,603306.SH,B,52.250,100
737,61,2025-09-22,2025-09-22 14:05:50,002431.SZ,B,2.470,4500
738,52,2025-09-22,2025-09-22 14:05:48,603131.SH,S,21.650,100
739,61,2025-09-22,2025-09-22 14:05:43,002624.SZ,B,18.630,400
740,61,2025-09-22,2025-09-22 14:05:42,600703.SH,B,15.160,200
741,61,2025-09-22,2025-09-22 14:05:41,300436.SZ,S,108.000,100
742,59,2025-09-22,2025-09-22 14:05:39,002431.SZ,B,2.470,2900
743,58,2025-09-22,2025-09-22 14:05:39,603506.SH,B,14.000,400
744,58,2025-09-22,2025-09-22 14:05:34,002431.SZ,B,2.470,3100
745,58,2025-09-22,2025-09-22 14:05:34,002431.SZ,B,2.470,4100
746,58,2025-09-22,2025-09-22 14:05:34,002431.SZ,B,2.470,1300
747,52,2025-09-22,2025-09-22 14:01:19,002431.SZ,B,2.470,2800
748,52,2025-09-22,2025-09-22 14:05:30,603536.SH,S,10.100,100
749,61,2025-09-22,2025-09-22 14:05:17,603058.SH,S,9.290,100
750,58,2025-09-22,2025-09-22 14:05:14,603131.SH,S,21.670,400
751,52,2025-09-22,2025-09-22 14:05:08,603613.SH,B,29.620,300
752,58,2025-09-22,2025-09-22 14:05:06,002374.SZ,B,2.890,800
753,52,2025-09-22,2025-09-22 14:04:42,002624.SZ,B,18.640,300
754,59,2025-09-22,2025-09-22 14:05:06,002374.SZ,B,2.890,400
755,58,2025-09-22,2025-09-22 14:04:59,300232.SZ,S,8.330,100
756,58,2025-09-22,2025-09-22 14:04:58,300485.SZ,B,11.660,400
757,61,2025-09-22,2025-09-22 14:04:47,601519.SH,S,15.600,200
758,52,2025-09-22,2025-09-22 14:04:44,002471.SZ,S,4.990,300
759,58,2025-09-22,2025-09-22 14:04:43,002471.SZ,S,4.990,1100
760,58,2025-09-22,2025-09-22 14:04:40,603306.SH,B,52.310,100
761,52,2025-09-22,2025-09-22 14:04:31,601519.SH,S,15.600,100
762,61,2025-09-22,2025-09-22 14:04:27,603613.SH,B,29.640,200
763,58,2025-09-22,2025-09-22 14:04:20,002195.SZ,S,7.880,100
764,58,2025-09-22,2025-09-22 14:04:20,002195.SZ,S,7.880,1000
765,59,2025-09-22,2025-09-22 14:04:20,300785.SZ,B,40.090,200
766,52,2025-09-22,2025-09-22 14:04:19,002195.SZ,S,7.880,200
767,61,2025-09-22,2025-09-22 14:04:18,002384.SZ,S,79.180,100
768,59,2025-09-22,2025-09-22 14:04:12,601609.SH,S,11.550,200
769,59,2025-09-22,2025-09-22 14:04:09,000980.SZ,B,3.370,2300
770,59,2025-09-22,2025-09-22 14:03:58,603698.SH,S,19.100,200
771,58,2025-09-22,2025-09-22 14:03:54,002624.SZ,B,18.650,700
772,59,2025-09-22,2025-09-22 14:03:51,600721.SH,S,9.410,100
773,59,2025-09-22,2025-09-22 14:03:50,600721.SH,S,9.410,300
774,58,2025-09-22,2025-09-22 14:03:50,300684.SZ,S,44.370,100
775,61,2025-09-22,2025-09-22 14:03:50,600721.SH,S,9.410,300
776,58,2025-09-22,2025-09-22 14:03:47,000980.SZ,B,3.370,2500
777,61,2025-09-22,2025-09-22 14:03:46,002899.SZ,S,20.770,100
778,58,2025-09-22,2025-09-22 14:03:39,300100.SZ,S,46.900,100
779,52,2025-09-22,2025-09-22 14:03:24,002164.SZ,S,14.220,100
780,61,2025-09-22,2025-09-22 14:03:29,600521.SH,B,22.230,400
781,61,2025-09-22,2025-09-22 14:03:29,603698.SH,S,19.100,200
782,61,2025-09-22,2025-09-22 14:03:29,603698.SH,S,19.100,100
783,61,2025-09-22,2025-09-22 14:03:28,603698.SH,S,19.100,100
784,61,2025-09-22,2025-09-22 14:03:28,603698.SH,S,19.100,200
785,58,2025-09-22,2025-09-22 14:03:27,002622.SZ,B,4.020,1300
786,58,2025-09-22,2025-09-22 14:03:27,002622.SZ,B,4.020,700
787,58,2025-09-22,2025-09-22 14:03:25,002384.SZ,S,79.200,100
788,61,2025-09-22,2025-09-22 14:03:05,002735.SZ,B,15.170,200
789,61,2025-09-22,2025-09-22 14:02:56,600698.SH,B,9.990,700
790,58,2025-09-22,2025-09-22 14:02:53,600698.SH,B,9.990,400
791,61,2025-09-22,2025-09-22 14:02:51,300043.SZ,S,6.810,800
792,59,2025-09-22,2025-09-22 14:02:36,300684.SZ,S,44.460,100
793,61,2025-09-22,2025-09-22 14:02:36,300684.SZ,S,44.460,200
794,52,2025-09-22,2025-09-22 14:02:30,002126.SZ,S,42.020,200
795,58,2025-09-22,2025-09-22 14:02:33,002126.SZ,S,42.020,400
796,59,2025-09-22,2025-09-22 14:02:26,002703.SZ,B,12.900,200
797,58,2025-09-22,2025-09-22 14:02:12,600721.SH,S,9.410,100
798,58,2025-09-22,2025-09-22 14:02:12,600721.SH,S,9.410,100
799,58,2025-09-22,2025-09-22 14:02:12,600721.SH,S,9.410,100
800,52,2025-09-22,2025-09-22 14:01:31,600721.SH,S,9.410,300
801,52,2025-09-22,2025-09-22 14:01:31,600721.SH,S,9.410,100
802,52,2025-09-22,2025-09-22 14:01:31,600721.SH,S,9.410,100
803,52,2025-09-22,2025-09-22 14:01:31,600721.SH,S,9.410,100
804,59,2025-09-22,2025-09-22 14:02:11,300043.SZ,S,6.800,1500
805,59,2025-09-22,2025-09-22 14:02:06,600698.SH,B,9.990,200
806,52,2025-09-22,2025-09-22 14:01:32,300785.SZ,B,40.140,200
807,58,2025-09-22,2025-09-22 14:01:44,603758.SH,B,15.680,400
808,59,2025-09-22,2025-09-22 14:01:37,000017.SZ,B,6.670,400
809,58,2025-09-22,2025-09-22 14:01:37,002053.SZ,B,13.180,400
810,58,2025-09-22,2025-09-22 14:01:36,000017.SZ,B,6.670,400
811,61,2025-09-22,2025-09-22 14:01:37,000017.SZ,B,6.670,400
812,52,2025-09-22,2025-09-22 14:01:36,002053.SZ,B,13.180,300
813,61,2025-09-22,2025-09-22 14:01:34,300785.SZ,B,40.160,100
814,61,2025-09-22,2025-09-22 14:01:34,300785.SZ,B,40.160,200
815,58,2025-09-22,2025-09-22 14:01:32,300785.SZ,B,40.140,200
816,59,2025-09-22,2025-09-22 14:01:31,002471.SZ,S,4.990,600
817,61,2025-09-22,2025-09-22 14:01:31,002471.SZ,S,4.990,1100
818,58,2025-09-22,2025-09-22 14:01:28,600521.SH,B,22.240,400
819,58,2025-09-22,2025-09-22 14:01:26,002212.SZ,S,10.210,800
820,58,2025-09-22,2025-09-22 14:01:23,601519.SH,S,15.630,100
821,58,2025-09-22,2025-09-22 14:01:20,603009.SH,S,56.970,100
822,52,2025-09-22,2025-09-22 14:01:19,002156.SZ,S,34.910,100
823,52,2025-09-22,2025-09-22 14:01:19,002622.SZ,B,4.010,1300
824,61,2025-09-22,2025-09-22 14:01:19,002407.SZ,S,16.180,100
825,58,2025-09-22,2025-09-22 14:01:18,002622.SZ,B,4.010,1200
826,61,2025-09-22,2025-09-22 14:01:17,601020.SH,S,24.970,100
827,61,2025-09-22,2025-09-22 14:01:16,002622.SZ,B,4.010,2000
828,58,2025-09-22,2025-09-22 13:58:45,601975.SH,B,3.110,300
829,58,2025-09-22,2025-09-22 13:58:19,600319.SH,S,7.790,1000
830,58,2025-09-22,2025-09-22 13:58:19,600319.SH,S,7.790,200
831,61,2025-09-22,2025-09-22 13:58:17,300043.SZ,B,6.800,800
832,58,2025-09-22,2025-09-22 13:58:13,002899.SZ,S,20.710,200
833,58,2025-09-22,2025-09-22 13:58:13,601609.SH,B,11.570,300
834,52,2025-09-22,2025-09-22 13:58:12,300304.SZ,B,13.850,300
835,58,2025-09-22,2025-09-22 13:58:11,600703.SH,B,15.220,800
836,58,2025-09-22,2025-09-22 13:58:11,600703.SH,B,15.220,800
837,58,2025-09-22,2025-09-22 13:58:11,600703.SH,B,15.220,300
838,61,2025-09-22,2025-09-22 13:58:11,000926.SZ,S,2.710,1600
839,58,2025-09-22,2025-09-22 13:58:07,002899.SZ,S,20.710,200
840,52,2025-09-22,2025-09-22 13:58:07,002899.SZ,S,20.710,100
841,58,2025-09-22,2025-09-22 13:58:05,300304.SZ,B,13.840,1300
842,61,2025-09-22,2025-09-22 13:58:05,601975.SH,B,3.110,200
843,61,2025-09-22,2025-09-22 13:58:05,301096.SZ,B,61.630,100
844,61,2025-09-22,2025-09-22 13:58:05,603536.SH,B,10.100,900
845,61,2025-09-22,2025-09-22 13:58:04,300043.SZ,B,6.790,2700
846,61,2025-09-22,2025-09-22 13:58:01,002899.SZ,S,20.710,100
847,58,2025-09-22,2025-09-22 13:58:01,002407.SZ,S,16.180,400
848,58,2025-09-22,2025-09-22 13:58:00,603536.SH,B,10.110,700
849,61,2025-09-22,2025-09-22 13:58:00,002330.SZ,S,4.970,1000
850,61,2025-09-22,2025-09-22 13:58:00,002330.SZ,S,4.970,400
851,52,2025-09-22,2025-09-22 13:57:59,603536.SH,B,10.110,300
852,61,2025-09-22,2025-09-22 13:57:58,600703.SH,B,15.220,200
853,61,2025-09-22,2025-09-22 13:57:58,603058.SH,S,9.280,700
854,52,2025-09-22,2025-09-22 13:57:50,603058.SH,S,9.270,500
855,58,2025-09-22,2025-09-22 13:57:50,603058.SH,S,9.270,1200
856,61,2025-09-22,2025-09-22 13:57:45,002642.SZ,B,9.850,200
857,61,2025-09-22,2025-09-22 13:57:45,000926.SZ,S,2.720,619
858,61,2025-09-22,2025-09-22 13:57:45,000926.SZ,S,2.720,100
859,61,2025-09-22,2025-09-22 13:57:39,000926.SZ,S,2.720,400
860,61,2025-09-22,2025-09-22 13:57:33,000926.SZ,S,2.720,81
861,59,2025-09-22,2025-09-22 13:57:15,600703.SH,B,15.220,400
862,58,2025-09-22,2025-09-22 13:57:15,000017.SZ,B,6.620,300
863,59,2025-09-22,2025-09-22 13:56:43,600703.SH,B,15.230,400
864,59,2025-09-22,2025-09-22 13:56:25,000926.SZ,S,2.720,1100
865,58,2025-09-22,2025-09-22 13:56:19,600503.SH,B,3.510,300
866,61,2025-09-22,2025-09-22 13:56:19,300304.SZ,B,13.840,100
867,61,2025-09-22,2025-09-22 13:56:19,300304.SZ,B,13.840,200
868,59,2025-09-22,2025-09-22 13:56:14,002899.SZ,S,20.740,100
869,59,2025-09-22,2025-09-22 13:56:16,603058.SH,S,9.280,600
870,59,2025-09-22,2025-09-22 13:56:14,002899.SZ,S,20.740,100
871,58,2025-09-22,2025-09-22 13:56:14,000926.SZ,S,2.710,2300
872,59,2025-09-22,2025-09-22 13:56:13,300043.SZ,B,6.790,1400
873,61,2025-09-22,2025-09-22 13:56:08,600703.SH,B,15.240,700
874,61,2025-09-22,2025-09-22 13:56:04,600703.SH,B,15.240,300
875,58,2025-09-22,2025-09-22 13:56:00,002330.SZ,S,4.980,900
876,52,2025-09-22,2025-09-22 13:55:29,300408.SZ,B,49.830,100
877,58,2025-09-22,2025-09-22 13:55:27,603089.SH,S,16.620,1400
878,58,2025-09-22,2025-09-22 13:55:26,603089.SH,S,16.620,300
879,58,2025-09-22,2025-09-22 13:55:21,600319.SH,S,7.810,600
880,52,2025-09-22,2025-09-22 13:55:06,300854.SZ,S,19.990,300
881,61,2025-09-22,2025-09-22 13:55:16,301076.SZ,S,55.850,100
882,61,2025-09-22,2025-09-22 13:55:16,000659.SZ,S,2.910,200
883,61,2025-09-22,2025-09-22 13:54:59,002899.SZ,S,20.760,200
884,61,2025-09-22,2025-09-22 13:54:59,002899.SZ,S,20.760,100
885,61,2025-09-22,2025-09-22 13:54:57,600703.SH,B,15.260,500
886,61,2025-09-22,2025-09-22 13:54:56,002169.SZ,S,7.160,200
887,52,2025-09-22,2025-09-22 13:46:17,000926.SZ,S,2.720,400
888,61,2025-09-22,2025-09-22 13:54:51,603089.SH,S,16.620,1100
889,61,2025-09-22,2025-09-22 13:54:51,600721.SH,B,9.400,1200
890,59,2025-09-22,2025-09-22 13:54:37,603131.SH,S,21.800,100
891,61,2025-09-22,2025-09-22 13:54:37,603131.SH,S,21.800,300
892,59,2025-09-22,2025-09-22 13:54:25,600703.SH,B,15.280,400
893,52,2025-09-22,2025-09-22 13:46:17,000926.SZ,S,2.720,200
894,59,2025-09-22,2025-09-22 13:54:22,600703.SH,B,15.280,600
895,61,2025-09-22,2025-09-22 13:54:21,600703.SH,B,15.280,600
896,52,2025-09-22,2025-09-22 13:51:24,603698.SH,S,19.120,100
897,61,2025-09-22,2025-09-22 13:54:14,600319.SH,S,7.810,800
898,61,2025-09-22,2025-09-22 13:54:07,603506.SH,B,14.040,200
899,61,2025-09-22,2025-09-22 13:54:06,003036.SZ,B,16.560,400
900,58,2025-09-22,2025-09-22 13:54:05,600703.SH,B,15.270,1800
901,58,2025-09-22,2025-09-22 13:54:05,600703.SH,B,15.270,2300
902,61,2025-09-22,2025-09-22 13:54:03,600703.SH,B,15.270,400
903,61,2025-09-22,2025-09-22 13:54:02,600319.SH,S,7.810,100
904,59,2025-09-22,2025-09-22 13:54:01,002195.SZ,S,7.870,500
905,61,2025-09-22,2025-09-22 13:54:01,002195.SZ,S,7.870,1000
906,59,2025-09-22,2025-09-22 13:54:00,300408.SZ,B,49.740,500
907,61,2025-09-22,2025-09-22 13:53:59,300408.SZ,B,49.760,600
908,61,2025-09-22,2025-09-22 13:53:58,600319.SH,S,7.810,100
909,59,2025-09-22,2025-09-22 13:53:54,600721.SH,B,9.400,900
910,52,2025-09-22,2025-09-22 13:53:54,300408.SZ,B,49.740,100
911,61,2025-09-22,2025-09-22 13:53:54,600319.SH,S,7.810,600
912,59,2025-09-22,2025-09-22 13:53:54,600319.SH,S,7.810,200
913,52,2025-09-22,2025-09-22 13:53:47,600721.SH,B,9.400,400
914,59,2025-09-22,2025-09-22 13:53:49,600319.SH,S,7.810,1000
915,52,2025-09-22,2025-09-22 13:53:08,603089.SH,S,16.630,300
916,59,2025-09-22,2025-09-22 13:53:32,601609.SH,B,11.590,500
917,52,2025-09-22,2025-09-22 13:53:08,603089.SH,S,16.630,100
918,52,2025-09-22,2025-09-22 13:53:12,002434.SZ,S,9.990,200
919,61,2025-09-22,2025-09-22 13:53:23,300304.SZ,B,13.830,300
920,61,2025-09-22,2025-09-22 13:53:20,603089.SH,S,16.610,500
921,59,2025-09-22,2025-09-22 13:53:18,603089.SH,S,16.610,700
922,61,2025-09-22,2025-09-22 13:53:17,002407.SZ,S,16.200,1000
923,61,2025-09-22,2025-09-22 13:53:16,600319.SH,S,7.810,600
924,61,2025-09-22,2025-09-22 13:53:16,600319.SH,S,7.810,700
925,61,2025-09-22,2025-09-22 13:53:12,002323.SZ,B,1.820,200
926,61,2025-09-22,2025-09-22 13:53:11,603758.SH,S,15.750,200
927,58,2025-09-22,2025-09-22 13:53:04,600721.SH,B,9.400,600
928,59,2025-09-22,2025-09-22 13:53:01,002196.SZ,B,9.820,500
929,58,2025-09-22,2025-09-22 13:53:01,002407.SZ,S,16.210,1000
930,61,2025-09-22,2025-09-22 13:53:01,002196.SZ,B,9.820,900
931,52,2025-09-22,2025-09-22 13:53:00,002407.SZ,S,16.210,300
932,58,2025-09-22,2025-09-22 13:52:53,600319.SH,S,7.820,600
933,52,2025-09-22,2025-09-22 13:51:41,600319.SH,S,7.820,600
934,58,2025-09-22,2025-09-22 13:52:48,600319.SH,S,7.820,200
935,52,2025-09-22,2025-09-22 13:52:47,300408.SZ,B,49.720,100
936,52,2025-09-22,2025-09-22 13:46:17,000926.SZ,S,2.720,100
937,61,2025-09-22,2025-09-22 13:52:38,603058.SH,S,9.280,500
938,61,2025-09-22,2025-09-22 13:52:37,603058.SH,S,9.280,100
939,59,2025-09-22,2025-09-22 13:52:36,002407.SZ,S,16.210,700
940,52,2025-09-22,2025-09-22 13:52:35,000659.SZ,S,2.910,100
941,58,2025-09-22,2025-09-22 13:52:34,603506.SH,B,14.040,300
942,59,2025-09-22,2025-09-22 13:52:27,603506.SH,B,14.030,100
943,61,2025-09-22,2025-09-22 13:52:12,603089.SH,S,16.670,200
944,61,2025-09-22,2025-09-22 13:52:07,002036.SZ,S,11.540,100
945,61,2025-09-22,2025-09-22 13:52:04,300304.SZ,B,13.860,300
946,52,2025-09-22,2025-09-22 13:52:04,300304.SZ,B,13.860,300
947,52,2025-09-22,2025-09-22 13:51:56,300304.SZ,B,13.850,400
948,59,2025-09-22,2025-09-22 13:52:01,688378.SH,S,26.630,233
949,61,2025-09-22,2025-09-22 13:52:00,688378.SH,S,26.630,375
950,58,2025-09-22,2025-09-22 13:51:59,603131.SH,S,21.720,300
951,52,2025-09-22,2025-09-22 13:51:59,603131.SH,S,21.720,100
952,58,2025-09-22,2025-09-22 13:51:51,000813.SZ,B,4.360,300
953,61,2025-09-22,2025-09-22 13:51:49,002407.SZ,S,16.210,60
954,61,2025-09-22,2025-09-22 13:51:49,002407.SZ,S,16.210,200
955,61,2025-09-22,2025-09-22 13:51:49,002407.SZ,S,16.210,140
956,59,2025-09-22,2025-09-22 13:51:50,300043.SZ,B,6.800,600
957,59,2025-09-22,2025-09-22 13:51:49,300043.SZ,B,6.800,200
958,61,2025-09-22,2025-09-22 13:51:47,600721.SH,B,9.410,500
959,59,2025-09-22,2025-09-22 13:51:47,300043.SZ,B,6.800,400
960,61,2025-09-22,2025-09-22 13:51:46,002407.SZ,S,16.210,200
961,61,2025-09-22,2025-09-22 13:51:45,603009.SH,S,57.250,200
962,59,2025-09-22,2025-09-22 13:51:44,603009.SH,S,57.250,100
963,59,2025-09-22,2025-09-22 13:51:41,600497.SH,S,5.940,100
964,59,2025-09-22,2025-09-22 13:51:37,300684.SZ,S,44.460,100
965,58,2025-09-22,2025-09-22 13:51:34,603698.SH,S,19.110,200
966,61,2025-09-22,2025-09-22 13:51:32,300907.SZ,S,39.710,100
967,58,2025-09-22,2025-09-22 13:51:24,600340.SH,B,2.230,300
968,61,2025-09-22,2025-09-22 13:51:22,600703.SH,B,15.280,300
969,61,2025-09-22,2025-09-22 13:51:18,002330.SZ,S,4.990,500
970,61,2025-09-22,2025-09-22 13:51:18,002330.SZ,S,4.990,500
971,61,2025-09-22,2025-09-22 13:51:18,002330.SZ,S,4.990,100
972,61,2025-09-22,2025-09-22 13:51:18,002330.SZ,S,4.990,100
973,61,2025-09-22,2025-09-22 13:51:18,002330.SZ,S,4.990,200
974,59,2025-09-22,2025-09-22 13:51:18,002330.SZ,S,4.990,400
975,59,2025-09-22,2025-09-22 13:51:18,002330.SZ,S,4.990,500
976,59,2025-09-22,2025-09-22 13:51:18,002330.SZ,S,4.990,100
977,59,2025-09-22,2025-09-22 13:51:18,002330.SZ,S,4.990,100
978,61,2025-09-22,2025-09-22 13:51:17,000700.SZ,B,11.450,200
979,58,2025-09-22,2025-09-22 13:51:15,300043.SZ,S,6.810,2000
980,52,2025-09-22,2025-09-22 13:51:08,300043.SZ,S,6.810,1200
981,61,2025-09-22,2025-09-22 13:51:14,601113.SH,B,4.290,200
982,61,2025-09-22,2025-09-22 13:51:07,301096.SZ,B,61.630,100
983,58,2025-09-22,2025-09-22 13:51:06,300304.SZ,B,13.880,700
984,52,2025-09-22,2025-09-22 13:48:21,002624.SZ,S,18.720,200
985,59,2025-09-22,2025-09-22 13:50:50,600703.SH,B,15.280,700
986,52,2025-09-22,2025-09-22 13:50:43,603009.SH,S,57.280,100
987,58,2025-09-22,2025-09-22 13:50:45,003036.SZ,B,16.550,300
988,58,2025-09-22,2025-09-22 13:50:44,603009.SH,S,57.260,200
989,61,2025-09-22,2025-09-22 13:50:25,300232.SZ,S,8.360,100
990,52,2025-09-22,2025-09-22 13:50:21,601609.SH,B,11.600,300
991,58,2025-09-22,2025-09-22 13:50:21,601609.SH,B,11.600,400
992,58,2025-09-22,2025-09-22 13:50:19,002445.SZ,B,2.720,300
993,52,2025-09-22,2025-09-22 13:49:55,002202.SZ,B,13.430,300
994,61,2025-09-22,2025-09-22 13:49:54,600521.SH,B,22.290,200
995,61,2025-09-22,2025-09-22 13:49:54,600521.SH,B,22.290,200
996,58,2025-09-22,2025-09-22 13:49:51,002330.SZ,S,4.980,1500
997,52,2025-09-22,2025-09-22 13:49:45,002330.SZ,S,4.980,600
998,58,2025-09-22,2025-09-22 13:49:45,002622.SZ,S,4.040,600
999,52,2025-09-22,2025-09-22 13:49:13,002622.SZ,S,4.040,600
1000,61,2025-09-22,2025-09-22 13:49:41,002622.SZ,S,4.040,800
1001,59,2025-09-22,2025-09-22 13:49:41,002622.SZ,S,4.040,2700
1002,58,2025-09-22,2025-09-22 13:49:41,002622.SZ,S,4.040,600
1003,52,2025-09-22,2025-09-22 13:49:28,002196.SZ,B,9.790,300
1004,61,2025-09-22,2025-09-22 13:49:29,002622.SZ,S,4.040,200
1005,61,2025-09-22,2025-09-22 13:49:26,002622.SZ,S,4.040,700
1006,58,2025-09-22,2025-09-22 13:49:20,301125.SZ,S,21.400,100
1007,61,2025-09-22,2025-09-22 13:49:19,002624.SZ,B,18.700,200
1008,58,2025-09-22,2025-09-22 13:49:06,688378.SH,S,26.590,339
1009,52,2025-09-22,2025-09-22 13:46:54,603903.SH,S,10.720,200
1010,52,2025-09-22,2025-09-22 13:48:40,000782.SZ,S,6.080,100
1011,59,2025-09-22,2025-09-22 13:48:38,300304.SZ,B,13.840,700
1012,58,2025-09-22,2025-09-22 13:48:29,300232.SZ,S,8.340,100
1013,61,2025-09-22,2025-09-22 13:48:28,000017.SZ,B,6.620,200
1014,61,2025-09-22,2025-09-22 13:48:21,000782.SZ,S,6.090,500
1015,58,2025-09-22,2025-09-22 13:48:19,601212.SH,S,3.740,3500
1016,58,2025-09-22,2025-09-22 13:48:11,002196.SZ,B,9.760,700
1017,52,2025-09-22,2025-09-22 13:47:31,600521.SH,B,22.250,300
1018,58,2025-09-22,2025-09-22 13:47:40,300408.SZ,B,49.800,600
1019,58,2025-09-22,2025-09-22 13:47:39,300408.SZ,B,49.800,100
1020,61,2025-09-22,2025-09-22 13:47:39,300785.SZ,B,40.280,200
1021,61,2025-09-22,2025-09-22 13:47:29,002565.SZ,B,7.330,200
1022,59,2025-09-22,2025-09-22 13:47:29,000782.SZ,S,6.060,200
1023,52,2025-09-22,2025-09-22 13:47:06,601212.SH,S,3.750,1200
1024,59,2025-09-22,2025-09-22 13:47:22,603903.SH,S,10.710,100
1025,61,2025-09-22,2025-09-22 13:47:22,603903.SH,S,10.710,100
1026,58,2025-09-22,2025-09-22 13:47:15,002195.SZ,S,7.880,900
1027,52,2025-09-22,2025-09-22 13:47:15,002195.SZ,S,7.880,200
1028,58,2025-09-22,2025-09-22 13:47:09,600521.SH,B,22.270,300
1029,58,2025-09-22,2025-09-22 13:47:03,000782.SZ,S,6.070,300
1030,61,2025-09-22,2025-09-22 13:46:59,301125.SZ,S,21.350,200
1031,61,2025-09-22,2025-09-22 13:46:59,301125.SZ,S,21.350,100
1032,59,2025-09-22,2025-09-22 13:47:00,301125.SZ,S,21.350,200
1033,59,2025-09-22,2025-09-22 13:47:00,301125.SZ,S,21.350,100
1034,61,2025-09-22,2025-09-22 13:46:58,002384.SZ,S,79.780,100
1035,59,2025-09-22,2025-09-22 13:46:57,002384.SZ,S,79.780,100
1036,58,2025-09-22,2025-09-22 13:46:58,603275.SH,S,57.660,100
1037,58,2025-09-22,2025-09-22 13:46:56,603903.SH,S,10.710,100
1038,58,2025-09-22,2025-09-22 13:46:46,600721.SH,B,9.400,400
1039,58,2025-09-22,2025-09-22 13:46:46,600721.SH,B,9.400,500
1040,52,2025-09-22,2025-09-22 13:46:22,600721.SH,B,9.400,600
1041,52,2025-09-22,2025-09-22 13:46:41,300684.SZ,S,44.510,100
1042,59,2025-09-22,2025-09-22 13:46:38,603698.SH,S,19.080,100
1043,61,2025-09-22,2025-09-22 13:46:38,603698.SH,S,19.080,300
1044,61,2025-09-22,2025-09-22 13:46:37,002418.SZ,B,4.680,200
1045,59,2025-09-22,2025-09-22 13:46:28,601020.SH,S,25.180,100
1046,61,2025-09-22,2025-09-22 13:46:28,601020.SH,S,25.180,100
1047,58,2025-09-22,2025-09-22 13:46:26,601020.SH,S,25.180,100
1048,61,2025-09-22,2025-09-22 13:46:20,603306.SH,B,52.570,200
1049,58,2025-09-22,2025-09-22 13:46:18,603936.SH,B,13.770,300
1050,61,2025-09-22,2025-09-22 13:46:18,601212.SH,S,3.750,2000
1051,61,2025-09-22,2025-09-22 13:46:18,601212.SH,S,3.750,300
1052,61,2025-09-22,2025-09-22 13:46:18,601212.SH,S,3.750,1800
1053,59,2025-09-22,2025-09-22 13:46:16,601212.SH,S,3.750,1700
1054,61,2025-09-22,2025-09-22 13:43:06,002055.SZ,B,8.240,400
1055,61,2025-09-22,2025-09-22 13:42:12,301307.SZ,B,39.810,800
1056,52,2025-09-22,2025-09-22 13:42:03,002516.SZ,S,6.200,200
1057,61,2025-09-22,2025-09-22 13:41:45,000659.SZ,B,2.910,400
1058,61,2025-09-22,2025-09-22 13:41:37,002772.SZ,S,9.570,100
1059,61,2025-09-22,2025-09-22 13:41:37,002772.SZ,S,9.570,100
1060,61,2025-09-22,2025-09-22 13:41:37,002772.SZ,S,9.570,100
1061,61,2025-09-22,2025-09-22 13:41:37,002772.SZ,S,9.570,100
1062,58,2025-09-22,2025-09-22 13:41:32,603009.SH,S,57.090,100
1063,61,2025-09-22,2025-09-22 13:41:31,002679.SZ,S,10.280,200
1064,58,2025-09-22,2025-09-22 13:41:21,300185.SZ,S,3.090,100
1065,58,2025-09-22,2025-09-22 13:40:59,603698.SH,S,19.130,300
1066,52,2025-09-22,2025-09-22 13:40:30,603698.SH,S,19.130,100
1067,59,2025-09-22,2025-09-22 13:40:57,301125.SZ,B,21.400,600
1068,59,2025-09-22,2025-09-22 13:40:57,002679.SZ,S,10.270,200
1069,61,2025-09-22,2025-09-22 13:40:45,603009.SH,S,57.050,300
1070,59,2025-09-22,2025-09-22 13:40:45,603009.SH,S,57.050,100
1071,61,2025-09-22,2025-09-22 13:40:25,300772.SZ,S,17.950,200
1072,59,2025-09-22,2025-09-22 13:40:20,603698.SH,S,19.120,100
1073,61,2025-09-22,2025-09-22 13:40:01,688378.SH,S,26.570,100
1074,61,2025-09-22,2025-09-22 13:40:01,688378.SH,S,26.570,100
1075,61,2025-09-22,2025-09-22 13:40:01,605488.SH,S,39.490,100
1076,61,2025-09-22,2025-09-22 13:39:22,002622.SZ,B,4.050,1300
1077,61,2025-09-22,2025-09-22 13:39:22,002622.SZ,B,4.050,100
1078,59,2025-09-22,2025-09-22 13:39:22,002622.SZ,B,4.050,1300
1079,61,2025-09-22,2025-09-22 13:39:08,603758.SH,B,15.770,200
1080,61,2025-09-22,2025-09-22 13:39:02,301125.SZ,B,21.380,800
1081,58,2025-09-22,2025-09-22 13:38:49,300467.SZ,B,25.670,400
1082,59,2025-09-22,2025-09-22 13:38:48,002677.SZ,S,7.760,100
1083,58,2025-09-22,2025-09-22 13:38:27,301125.SZ,B,21.390,100
1084,52,2025-09-22,2025-09-22 13:37:38,002624.SZ,B,18.740,200
1085,58,2025-09-22,2025-09-22 13:38:12,301125.SZ,B,21.390,100
1086,58,2025-09-22,2025-09-22 13:38:09,002899.SZ,S,20.740,200
1087,52,2025-09-22,2025-09-22 13:37:15,002899.SZ,S,20.740,100
1088,61,2025-09-22,2025-09-22 13:37:40,002055.SZ,B,8.260,400
1089,52,2025-09-22,2025-09-22 13:36:54,300043.SZ,B,6.790,1000
1090,61,2025-09-22,2025-09-22 13:37:21,002169.SZ,B,7.150,300
1091,58,2025-09-22,2025-09-22 13:37:17,688378.SH,S,26.590,8
1092,58,2025-09-22,2025-09-22 13:37:17,688378.SH,S,26.590,201
1093,59,2025-09-22,2025-09-22 13:37:17,300907.SZ,S,39.580,100
1094,61,2025-09-22,2025-09-22 13:37:16,002169.SZ,B,7.150,100
1095,58,2025-09-22,2025-09-22 13:37:13,300815.SZ,S,29.390,100
1096,58,2025-09-22,2025-09-22 13:37:13,300815.SZ,S,29.390,100
1097,52,2025-09-22,2025-09-22 13:37:13,600732.SH,S,15.120,100
1098,61,2025-09-22,2025-09-22 13:37:11,002772.SZ,S,9.580,400
1099,61,2025-09-22,2025-09-22 13:37:05,603506.SH,B,13.990,400
1100,58,2025-09-22,2025-09-22 13:37:00,002506.SZ,S,2.550,100
1101,52,2025-09-22,2025-09-22 13:36:51,603009.SH,S,57.070,100
1102,58,2025-09-22,2025-09-22 13:36:49,300907.SZ,S,39.600,200
1103,52,2025-09-22,2025-09-22 13:36:49,300907.SZ,S,39.600,100
1104,60,2025-09-22,2025-09-22 13:35:02,300502.SZ,S,341.790,100
1105,58,2025-09-22,2025-09-22 13:36:41,603009.SH,S,57.050,100
1106,59,2025-09-22,2025-09-22 13:36:39,002899.SZ,S,20.740,100
1107,61,2025-09-22,2025-09-22 13:36:39,002899.SZ,S,20.740,200
1108,58,2025-09-22,2025-09-22 13:36:21,605488.SH,S,39.370,200
1109,61,2025-09-22,2025-09-22 13:36:21,605488.SH,S,39.370,100
1110,52,2025-09-22,2025-09-22 13:34:40,300043.SZ,B,6.800,1000
1111,61,2025-09-22,2025-09-22 13:36:17,603698.SH,S,19.150,200
1112,61,2025-09-22,2025-09-22 13:36:16,300907.SZ,S,39.680,200
1113,61,2025-09-22,2025-09-22 13:36:07,002624.SZ,S,18.800,100
1114,58,2025-09-22,2025-09-22 13:36:02,301076.SZ,S,55.990,100
1115,52,2025-09-22,2025-09-22 13:33:11,300854.SZ,B,19.950,200
1116,58,2025-09-22,2025-09-22 13:35:41,002677.SZ,S,7.760,100
1117,58,2025-09-22,2025-09-22 13:35:32,603929.SH,S,39.970,100
1118,60,2025-09-22,2025-09-22 13:33:46,688111.SH,S,307.140,45
1119,52,2025-09-22,2025-09-22 13:35:27,300854.SZ,B,19.960,300
1120,61,2025-09-22,2025-09-22 13:35:25,605228.SH,S,17.590,100
1121,61,2025-09-22,2025-09-22 13:34:53,603758.SH,B,15.770,200
1122,58,2025-09-22,2025-09-22 13:34:40,301307.SZ,B,39.470,600
1123,59,2025-09-22,2025-09-22 13:34:21,601519.SH,S,15.570,100
1124,58,2025-09-22,2025-09-22 13:34:20,601519.SH,S,15.580,100
1125,52,2025-09-22,2025-09-22 13:32:30,002624.SZ,B,18.780,100
1126,58,2025-09-22,2025-09-22 13:33:49,002036.SZ,S,11.460,100
1127,52,2025-09-22,2025-09-22 13:32:30,002624.SZ,B,18.780,200
1128,61,2025-09-22,2025-09-22 13:33:00,002622.SZ,B,4.030,2100
1129,59,2025-09-22,2025-09-22 13:33:00,002622.SZ,B,4.030,2100
1130,52,2025-09-22,2025-09-22 13:31:17,002622.SZ,B,4.030,1000
1131,58,2025-09-22,2025-09-22 13:33:00,002622.SZ,B,4.030,800
1132,58,2025-09-22,2025-09-22 13:32:59,002248.SZ,S,10.570,400
1133,61,2025-09-22,2025-09-22 13:32:47,688567.SH,S,20.790,193
1134,61,2025-09-22,2025-09-22 13:32:47,688567.SH,S,20.790,42
1135,61,2025-09-22,2025-09-22 13:32:31,300815.SZ,S,29.410,200
1136,59,2025-09-22,2025-09-22 13:32:31,300815.SZ,S,29.410,100
1137,58,2025-09-22,2025-09-22 13:32:24,300467.SZ,B,25.730,100
1138,58,2025-09-22,2025-09-22 13:32:05,300043.SZ,B,6.830,3300
1139,58,2025-09-22,2025-09-22 13:32:01,300043.SZ,B,6.830,1000
1140,52,2025-09-22,2025-09-22 13:32:00,002248.SZ,S,10.570,200
1141,52,2025-09-22,2025-09-22 13:31:45,002317.SZ,S,18.500,100
1142,58,2025-09-22,2025-09-22 13:31:48,605488.SH,S,39.500,200
1143,58,2025-09-22,2025-09-22 13:31:43,002622.SZ,B,4.040,600
1144,58,2025-09-22,2025-09-22 13:31:43,002622.SZ,B,4.040,1600
1145,58,2025-09-22,2025-09-22 13:31:40,300467.SZ,B,25.730,100
1146,58,2025-09-22,2025-09-22 13:31:33,002772.SZ,S,9.610,100
1147,58,2025-09-22,2025-09-22 13:31:33,002772.SZ,S,9.610,100
1148,58,2025-09-22,2025-09-22 13:31:33,002772.SZ,S,9.610,100
1149,58,2025-09-22,2025-09-22 13:31:33,002772.SZ,S,9.610,100
1150,58,2025-09-22,2025-09-22 13:31:33,002772.SZ,S,9.610,400
1151,58,2025-09-22,2025-09-22 13:31:33,002772.SZ,S,9.610,100
1152,52,2025-09-22,2025-09-22 13:31:30,002772.SZ,S,9.610,100
1153,52,2025-09-22,2025-09-22 13:31:30,002772.SZ,S,9.610,500
1154,52,2025-09-22,2025-09-22 13:31:30,002772.SZ,S,9.610,300
1155,52,2025-09-22,2025-09-22 13:31:18,605488.SH,S,39.390,100
1156,58,2025-09-22,2025-09-22 13:31:29,002248.SZ,S,10.550,300
1157,59,2025-09-22,2025-09-22 13:31:24,605488.SH,S,39.350,200
1158,58,2025-09-22,2025-09-22 13:31:23,301125.SZ,B,21.370,400
1159,61,2025-09-22,2025-09-22 13:31:24,605488.SH,S,39.350,300
1160,58,2025-09-22,2025-09-22 13:31:18,605488.SH,S,39.400,100
1161,52,2025-09-22,2025-09-22 13:31:18,002021.SZ,S,2.830,300
1162,58,2025-09-22,2025-09-22 13:28:30,002506.SZ,B,2.550,400
1163,61,2025-09-22,2025-09-22 13:28:18,002624.SZ,B,18.820,100
1164,61,2025-09-22,2025-09-22 13:28:18,002624.SZ,B,18.820,100
1165,58,2025-09-22,2025-09-22 13:28:17,002772.SZ,B,9.620,500
1166,61,2025-09-22,2025-09-22 13:28:17,300854.SZ,S,20.010,100
1167,58,2025-09-22,2025-09-22 13:28:08,603929.SH,B,40.140,100
1168,58,2025-09-22,2025-09-22 13:28:07,600179.SH,B,3.610,200
1169,58,2025-09-22,2025-09-22 13:28:07,600179.SH,B,3.610,1000
1170,61,2025-09-22,2025-09-22 13:28:04,300854.SZ,S,20.030,100
1171,58,2025-09-22,2025-09-22 13:28:03,000962.SZ,B,23.980,300
1172,59,2025-09-22,2025-09-22 13:27:59,600179.SH,B,3.610,600
1173,61,2025-09-22,2025-09-22 13:27:59,600179.SH,B,3.610,200
1174,61,2025-09-22,2025-09-22 13:27:59,600179.SH,B,3.610,1400
1175,61,2025-09-22,2025-09-22 13:27:58,002330.SZ,B,4.990,200
1176,59,2025-09-22,2025-09-22 13:27:40,688567.SH,B,20.760,221
1177,59,2025-09-22,2025-09-22 13:27:40,688567.SH,B,20.760,200
1178,59,2025-09-22,2025-09-22 13:27:35,300854.SZ,S,20.030,100
1179,61,2025-09-22,2025-09-22 13:27:15,688567.SH,B,20.750,200
1180,61,2025-09-22,2025-09-22 13:27:08,603758.SH,B,15.810,200
1181,59,2025-09-22,2025-09-22 13:27:08,603758.SH,B,15.810,100
1182,58,2025-09-22,2025-09-22 13:26:04,601519.SH,S,15.560,100
1183,58,2025-09-22,2025-09-22 13:26:04,601519.SH,S,15.560,100
1184,58,2025-09-22,2025-09-22 13:26:04,601519.SH,S,15.560,100
1185,61,2025-09-22,2025-09-22 13:26:04,300854.SZ,S,20.050,100
1186,58,2025-09-22,2025-09-22 13:25:55,300785.SZ,B,40.600,200
1187,61,2025-09-22,2025-09-22 13:25:55,002055.SZ,B,8.250,1300
1188,61,2025-09-22,2025-09-22 13:25:52,002679.SZ,B,10.500,700
1189,59,2025-09-22,2025-09-22 13:25:52,002679.SZ,B,10.500,500
1190,61,2025-09-22,2025-09-22 13:25:51,601108.SH,S,8.220,100
1191,61,2025-09-22,2025-09-22 13:25:50,301002.SZ,S,41.570,100
1192,61,2025-09-22,2025-09-22 13:25:48,000056.SZ,S,2.780,100
1193,58,2025-09-22,2025-09-22 13:25:38,688308.SH,S,23.210,385
1194,61,2025-09-22,2025-09-22 13:25:28,688567.SH,B,20.730,200
1195,58,2025-09-22,2025-09-22 13:25:15,300772.SZ,B,17.930,400
1196,61,2025-09-22,2025-09-22 13:24:50,300772.SZ,B,17.980,700
1197,59,2025-09-22,2025-09-22 13:24:50,300772.SZ,B,17.980,100
1198,61,2025-09-22,2025-09-22 13:24:48,601089.SH,S,23.980,200
1199,61,2025-09-22,2025-09-22 13:24:28,603613.SH,S,29.860,100
1200,61,2025-09-22,2025-09-22 13:24:27,603613.SH,S,29.860,100
1201,58,2025-09-22,2025-09-22 13:24:20,300185.SZ,B,3.090,400
1202,52,2025-09-22,2025-09-22 13:22:58,002772.SZ,B,9.620,400
1203,59,2025-09-22,2025-09-22 13:23:24,688557.SH,B,38.040,43
1204,61,2025-09-22,2025-09-22 13:23:09,688567.SH,B,20.770,200
1205,61,2025-09-22,2025-09-22 13:23:05,002248.SZ,B,10.510,900
1206,61,2025-09-22,2025-09-22 13:23:03,300491.SZ,B,32.440,200
1207,61,2025-09-22,2025-09-22 13:23:02,002545.SZ,B,13.230,200
1208,61,2025-09-22,2025-09-22 13:23:02,002055.SZ,B,8.250,1100
1209,59,2025-09-22,2025-09-22 13:23:03,002248.SZ,B,10.510,400
1210,59,2025-09-22,2025-09-22 13:23:03,002248.SZ,B,10.510,200
1211,59,2025-09-22,2025-09-22 13:23:03,002055.SZ,B,8.250,1000
1212,58,2025-09-22,2025-09-22 13:22:49,688629.SH,S,108.000,239
1213,61,2025-09-22,2025-09-22 13:22:47,600933.SH,B,22.280,300
1214,58,2025-09-22,2025-09-22 13:22:38,000962.SZ,B,23.940,200
1215,58,2025-09-22,2025-09-22 13:22:30,000962.SZ,B,23.950,300
1216,59,2025-09-22,2025-09-22 13:22:28,688629.SH,S,107.990,218
1217,61,2025-09-22,2025-09-22 13:22:28,688629.SH,S,107.990,365
1218,59,2025-09-22,2025-09-22 13:22:27,688557.SH,B,38.040,272
1219,59,2025-09-22,2025-09-22 13:22:27,688557.SH,B,38.030,85
1220,61,2025-09-22,2025-09-22 13:21:59,688308.SH,S,23.260,296
1221,61,2025-09-22,2025-09-22 13:21:58,002772.SZ,B,9.630,1400
1222,61,2025-09-22,2025-09-22 13:21:57,600601.SH,S,11.360,100
1223,61,2025-09-22,2025-09-22 13:21:39,002248.SZ,B,10.500,500
1224,61,2025-09-22,2025-09-22 13:21:30,002248.SZ,B,10.500,200
1225,61,2025-09-22,2025-09-22 13:21:27,300637.SZ,B,13.730,400
1226,52,2025-09-22,2025-09-22 13:21:24,601089.SH,S,23.960,100
1227,61,2025-09-22,2025-09-22 13:21:21,300637.SZ,B,13.730,100
1228,59,2025-09-22,2025-09-22 13:21:09,600649.SH,S,4.810,100
1229,58,2025-09-22,2025-09-22 13:21:00,002772.SZ,B,9.640,600
1230,59,2025-09-22,2025-09-22 13:21:00,688567.SH,B,20.690,200
1231,59,2025-09-22,2025-09-22 13:20:57,001203.SZ,S,11.690,100
1232,58,2025-09-22,2025-09-22 13:20:54,603929.SH,B,40.160,100
1233,58,2025-09-22,2025-09-22 13:20:54,603929.SH,B,40.160,100
1234,58,2025-09-22,2025-09-22 13:20:54,603929.SH,B,40.160,100
1235,58,2025-09-22,2025-09-22 13:20:54,002674.SZ,S,15.580,1300
1236,58,2025-09-22,2025-09-22 13:20:32,002674.SZ,S,15.580,200
1237,61,2025-09-22,2025-09-22 13:20:32,002674.SZ,S,15.580,500
1238,61,2025-09-22,2025-09-22 13:20:17,002624.SZ,B,18.740,300
1239,52,2025-09-22,2025-09-22 13:20:12,002997.SZ,S,39.480,100
1240,61,2025-09-22,2025-09-22 13:20:05,600595.SH,S,5.090,100
1241,52,2025-09-22,2025-09-22 13:20:05,002803.SZ,S,18.450,100
1242,61,2025-09-22,2025-09-22 13:19:56,002677.SZ,S,7.800,200
1243,61,2025-09-22,2025-09-22 13:19:55,002772.SZ,B,9.640,500
1244,61,2025-09-22,2025-09-22 13:19:50,600733.SH,S,8.040,100
1245,61,2025-09-22,2025-09-22 13:19:44,603811.SH,S,13.250,100
1246,61,2025-09-22,2025-09-22 13:19:39,601519.SH,S,15.520,300
1247,61,2025-09-22,2025-09-22 13:19:39,601519.SH,S,15.520,700
1248,61,2025-09-22,2025-09-22 13:19:39,300885.SZ,S,24.870,100
1249,59,2025-09-22,2025-09-22 13:19:39,601519.SH,S,15.520,300
1250,59,2025-09-22,2025-09-22 13:19:39,601519.SH,S,15.520,100
1251,58,2025-09-22,2025-09-22 13:19:38,601519.SH,S,15.520,500
1252,52,2025-09-22,2025-09-22 13:19:38,601519.SH,S,15.520,200
1253,58,2025-09-22,2025-09-22 13:19:37,300785.SZ,B,40.430,100
1254,61,2025-09-22,2025-09-22 13:19:34,002622.SZ,S,4.050,100
1255,59,2025-09-22,2025-09-22 13:19:27,000703.SZ,S,6.480,100
1256,61,2025-09-22,2025-09-22 13:19:26,300428.SZ,S,23.770,100
1257,61,2025-09-22,2025-09-22 13:19:21,002674.SZ,S,15.630,100
1258,61,2025-09-22,2025-09-22 13:19:20,002674.SZ,S,15.630,100
1259,61,2025-09-22,2025-09-22 13:19:20,002674.SZ,S,15.630,100
1260,61,2025-09-22,2025-09-22 13:19:20,002674.SZ,S,15.630,900
1261,59,2025-09-22,2025-09-22 13:19:19,002674.SZ,S,15.630,500
1262,59,2025-09-22,2025-09-22 13:19:18,002674.SZ,S,15.630,200
1263,52,2025-09-22,2025-09-22 13:19:08,002248.SZ,B,10.490,900
1264,58,2025-09-22,2025-09-22 13:19:07,002803.SZ,S,18.480,100
1265,61,2025-09-22,2025-09-22 13:19:03,002803.SZ,S,18.470,100
1266,61,2025-09-22,2025-09-22 13:19:03,002100.SZ,B,7.440,200
1267,58,2025-09-22,2025-09-22 13:18:58,002248.SZ,B,10.490,800
1268,58,2025-09-22,2025-09-22 13:18:45,002248.SZ,B,10.500,1300
1269,58,2025-09-22,2025-09-22 13:18:43,000980.SZ,B,3.400,800
1270,61,2025-09-22,2025-09-22 13:18:34,300785.SZ,B,40.430,200
1271,58,2025-09-22,2025-09-22 13:18:35,300785.SZ,B,40.430,100
1272,58,2025-09-22,2025-09-22 13:18:20,002772.SZ,B,9.650,1300
1273,58,2025-09-22,2025-09-22 13:18:18,300637.SZ,B,13.720,400
1274,61,2025-09-22,2025-09-22 13:18:15,688308.SH,S,23.320,200
1275,58,2025-09-22,2025-09-22 13:18:15,601089.SH,S,24.020,200
1276,58,2025-09-22,2025-09-22 13:18:16,002815.SZ,B,16.630,400
1277,58,2025-09-22,2025-09-22 13:18:15,601089.SH,S,24.020,300
1278,61,2025-09-22,2025-09-22 13:18:08,300054.SZ,S,35.070,100
1279,58,2025-09-22,2025-09-22 13:18:04,300885.SZ,S,24.830,100
1280,61,2025-09-22,2025-09-22 13:18:00,300057.SZ,S,6.230,100
1281,58,2025-09-22,2025-09-22 13:17:56,688629.SH,S,109.710,200
1282,59,2025-09-22,2025-09-22 13:17:43,002772.SZ,B,9.660,1000
1283,61,2025-09-22,2025-09-22 13:17:39,605228.SH,B,17.610,200
1284,52,2025-09-22,2025-09-22 13:17:11,002772.SZ,B,9.660,900
1285,52,2025-09-22,2025-09-22 13:17:06,002677.SZ,S,7.840,100
1286,61,2025-09-22,2025-09-22 13:17:31,002815.SZ,B,16.620,200
1287,61,2025-09-22,2025-09-22 13:17:31,002815.SZ,B,16.620,100
1288,61,2025-09-22,2025-09-22 13:17:31,002815.SZ,B,16.620,100
1289,61,2025-09-22,2025-09-22 13:17:31,002815.SZ,B,16.620,300
1290,61,2025-09-22,2025-09-22 13:17:30,002472.SZ,S,49.380,100
1291,52,2025-09-22,2025-09-22 13:17:24,002472.SZ,S,49.370,100
1292,61,2025-09-22,2025-09-22 13:17:23,300703.SZ,B,32.420,200
1293,58,2025-09-22,2025-09-22 13:17:23,002624.SZ,B,18.760,400
1294,58,2025-09-22,2025-09-22 13:17:20,603613.SH,S,30.010,200
1295,61,2025-09-22,2025-09-22 13:17:17,000962.SZ,B,23.850,700
1296,59,2025-09-22,2025-09-22 13:17:17,000962.SZ,B,23.850,100
1297,59,2025-09-22,2025-09-22 13:17:08,601089.SH,S,24.130,200
1298,61,2025-09-22,2025-09-22 13:17:08,601089.SH,S,24.130,400
1299,58,2025-09-22,2025-09-22 13:17:08,002472.SZ,S,49.190,100
1300,61,2025-09-22,2025-09-22 13:17:07,600577.SH,S,8.960,100
1301,58,2025-09-22,2025-09-22 13:17:03,002248.SZ,B,10.490,300
1302,52,2025-09-22,2025-09-22 13:17:00,002248.SZ,B,10.490,400
1303,58,2025-09-22,2025-09-22 13:17:02,600933.SH,B,22.250,1200
1304,61,2025-09-22,2025-09-22 13:16:59,600933.SH,B,22.250,400
1305,52,2025-09-22,2025-09-22 13:16:57,688308.SH,S,23.350,343
1306,61,2025-09-22,2025-09-22 13:16:56,688308.SH,S,23.350,200
1307,59,2025-09-22,2025-09-22 13:16:55,688308.SH,S,23.330,363
1308,58,2025-09-22,2025-09-22 13:16:56,688308.SH,S,23.350,200
1309,61,2025-09-22,2025-09-22 13:16:55,688308.SH,S,23.330,200
1310,61,2025-09-22,2025-09-22 13:16:54,002317.SZ,S,18.520,300
1311,61,2025-09-22,2025-09-22 13:16:54,603613.SH,S,30.000,300
1312,61,2025-09-22,2025-09-22 13:16:54,688135.SH,S,35.930,299
1313,61,2025-09-22,2025-09-22 13:16:54,600340.SH,S,2.230,100
1314,61,2025-09-22,2025-09-22 13:16:54,002849.SZ,S,16.500,100
1315,59,2025-09-22,2025-09-22 13:16:54,002317.SZ,S,18.520,100
1316,58,2025-09-22,2025-09-22 13:16:54,002317.SZ,S,18.510,300
1317,58,2025-09-22,2025-09-22 13:16:53,688135.SH,S,35.940,184
1318,58,2025-09-22,2025-09-22 13:16:53,688308.SH,S,23.320,200
1319,58,2025-09-22,2025-09-22 13:16:53,688135.SH,S,35.940,173
1320,61,2025-09-22,2025-09-22 13:13:13,601975.SH,B,3.130,300
1321,59,2025-09-22,2025-09-22 13:13:13,601975.SH,B,3.130,100
1322,61,2025-09-22,2025-09-22 13:13:07,600221.SH,S,1.630,100
1323,58,2025-09-22,2025-09-22 13:13:07,600179.SH,B,3.620,600
1324,59,2025-09-22,2025-09-22 13:13:07,600221.SH,B,1.640,100
1325,59,2025-09-22,2025-09-22 13:13:07,002259.SZ,B,4.070,100
1326,61,2025-09-22,2025-09-22 13:13:06,002679.SZ,B,10.350,300
1327,61,2025-09-22,2025-09-22 13:12:56,600601.SH,B,11.360,300
1328,61,2025-09-22,2025-09-22 13:12:19,002772.SZ,B,9.700,900
1329,61,2025-09-22,2025-09-22 13:12:06,002245.SZ,S,19.610,300
1330,59,2025-09-22,2025-09-22 13:11:52,002445.SZ,B,2.720,100
1331,52,2025-09-22,2025-09-22 13:11:43,601615.SH,B,13.530,700
1332,52,2025-09-22,2025-09-22 13:11:37,601615.SH,B,13.530,300
1333,61,2025-09-22,2025-09-22 13:11:34,600503.SH,S,3.530,100
1334,58,2025-09-22,2025-09-22 13:11:05,603083.SH,S,115.560,100
1335,58,2025-09-22,2025-09-22 13:11:01,300703.SZ,B,32.440,100
1336,58,2025-09-22,2025-09-22 13:10:45,300703.SZ,B,32.450,200
1337,61,2025-09-22,2025-09-22 13:10:19,300854.SZ,B,20.030,200
1338,61,2025-09-22,2025-09-22 13:10:18,300854.SZ,B,20.040,200
1339,61,2025-09-22,2025-09-22 13:10:13,300854.SZ,B,20.040,100
1340,61,2025-09-22,2025-09-22 13:10:13,300854.SZ,B,20.040,100
1341,61,2025-09-22,2025-09-22 13:10:13,300854.SZ,B,20.040,100
1342,61,2025-09-22,2025-09-22 13:10:13,300854.SZ,B,20.040,100
1343,61,2025-09-22,2025-09-22 13:10:13,300854.SZ,B,20.040,100
1344,61,2025-09-22,2025-09-22 13:10:08,603613.SH,B,30.220,200
1345,58,2025-09-22,2025-09-22 13:10:01,600433.SH,S,3.250,1500
1346,59,2025-09-22,2025-09-22 13:09:40,600675.SH,S,2.950,100
1347,58,2025-09-22,2025-09-22 13:09:35,002245.SZ,S,19.640,200
1348,58,2025-09-22,2025-09-22 13:09:35,002245.SZ,S,19.640,100
1349,59,2025-09-22,2025-09-22 13:09:33,300684.SZ,B,44.530,100
1350,58,2025-09-22,2025-09-22 13:09:09,300043.SZ,S,6.810,1100
1351,61,2025-09-22,2025-09-22 13:08:57,300418.SZ,B,42.850,100
1352,52,2025-09-22,2025-09-22 13:08:20,603809.SH,S,15.950,100
1353,61,2025-09-22,2025-09-22 13:08:53,002055.SZ,B,8.250,200
1354,61,2025-09-22,2025-09-22 13:08:53,002055.SZ,B,8.250,500
1355,61,2025-09-22,2025-09-22 13:08:53,002055.SZ,B,8.250,100
1356,61,2025-09-22,2025-09-22 13:08:53,603928.SH,B,15.770,200
1357,59,2025-09-22,2025-09-22 13:08:53,300703.SZ,B,32.520,100
1358,59,2025-09-22,2025-09-22 13:08:53,300703.SZ,B,32.520,100
1359,59,2025-09-22,2025-09-22 13:08:52,300703.SZ,B,32.520,100
1360,61,2025-09-22,2025-09-22 13:08:50,600595.SH,B,5.080,200
1361,61,2025-09-22,2025-09-22 13:08:50,600595.SH,B,5.080,100
1362,59,2025-09-22,2025-09-22 13:08:48,603080.SH,B,22.020,200
1363,61,2025-09-22,2025-09-22 13:08:46,002772.SZ,B,9.740,600
1364,59,2025-09-22,2025-09-22 13:08:47,603080.SH,B,22.020,200
1365,59,2025-09-22,2025-09-22 13:08:46,002772.SZ,B,9.740,600
1366,59,2025-09-22,2025-09-22 13:08:45,603080.SH,B,22.020,100
1367,59,2025-09-22,2025-09-22 13:08:39,300885.SZ,S,24.910,100
1368,61,2025-09-22,2025-09-22 13:08:37,603928.SH,B,15.770,100
1369,59,2025-09-22,2025-09-22 13:08:36,002574.SZ,B,5.620,100
1370,61,2025-09-22,2025-09-22 13:08:34,300885.SZ,S,24.910,100
1371,61,2025-09-22,2025-09-22 13:08:34,300885.SZ,S,24.910,100
1372,61,2025-09-22,2025-09-22 13:08:34,300885.SZ,S,24.910,100
1373,52,2025-09-22,2025-09-22 13:08:31,600956.SH,S,7.580,100
1374,61,2025-09-22,2025-09-22 13:08:25,603083.SH,S,116.150,300
1375,59,2025-09-22,2025-09-22 13:08:25,603083.SH,S,116.150,200
1376,61,2025-09-22,2025-09-22 13:08:22,600433.SH,S,3.240,4400
1377,59,2025-09-22,2025-09-22 13:08:22,600433.SH,S,3.240,1800
1378,58,2025-09-22,2025-09-22 13:08:20,603809.SH,S,15.940,100
1379,58,2025-09-22,2025-09-22 13:08:20,603809.SH,S,15.940,100
1380,61,2025-09-22,2025-09-22 13:08:04,000056.SZ,B,2.780,300
1381,59,2025-09-22,2025-09-22 13:07:30,600179.SH,B,3.600,100
1382,61,2025-09-22,2025-09-22 13:07:30,600179.SH,B,3.600,300
1383,58,2025-09-22,2025-09-22 13:07:05,300854.SZ,B,20.040,300
1384,58,2025-09-22,2025-09-22 13:07:04,300854.SZ,B,20.040,300
1385,61,2025-09-22,2025-09-22 13:06:53,002055.SZ,B,8.260,300
1386,61,2025-09-22,2025-09-22 13:06:53,002055.SZ,B,8.260,100
1387,52,2025-09-22,2025-09-22 13:06:14,601658.SH,S,6.000,100
1388,61,2025-09-22,2025-09-22 13:06:47,600340.SH,B,2.230,300
1389,59,2025-09-22,2025-09-22 13:06:45,002624.SZ,B,18.750,300
1390,59,2025-09-22,2025-09-22 13:06:38,300185.SZ,B,3.080,100
1391,61,2025-09-22,2025-09-22 13:06:37,002088.SZ,B,13.410,900
1392,61,2025-09-22,2025-09-22 13:06:38,300185.SZ,B,3.080,300
1393,59,2025-09-22,2025-09-22 13:06:37,002088.SZ,B,13.410,300
1394,59,2025-09-22,2025-09-22 13:06:33,002195.SZ,B,7.880,100
1395,61,2025-09-22,2025-09-22 13:06:27,003020.SZ,S,28.180,100
1396,59,2025-09-22,2025-09-22 13:06:19,300443.SZ,S,29.200,100
1397,59,2025-09-22,2025-09-22 13:06:16,002245.SZ,S,19.620,300
1398,58,2025-09-22,2025-09-22 13:06:17,002679.SZ,S,10.330,400
1399,61,2025-09-22,2025-09-22 13:06:16,002245.SZ,S,19.620,400
1400,61,2025-09-22,2025-09-22 13:06:16,603613.SH,B,30.380,300
1401,61,2025-09-22,2025-09-22 13:06:16,002245.SZ,S,19.620,100
1402,58,2025-09-22,2025-09-22 13:06:15,002245.SZ,S,19.620,200
1403,58,2025-09-22,2025-09-22 13:06:10,301419.SZ,S,36.890,200
1404,61,2025-09-22,2025-09-22 13:06:03,600172.SH,B,4.890,300
1405,58,2025-09-22,2025-09-22 13:05:59,601975.SH,S,3.120,200
1406,58,2025-09-22,2025-09-22 13:05:58,600615.SH,B,13.430,500
1407,58,2025-09-22,2025-09-22 13:05:58,600615.SH,B,13.430,100
1408,59,2025-09-22,2025-09-22 13:05:56,001203.SZ,B,11.700,100
1409,59,2025-09-22,2025-09-22 13:05:53,600226.SH,B,4.080,100
1410,61,2025-09-22,2025-09-22 13:05:53,300043.SZ,S,6.810,100
1411,61,2025-09-22,2025-09-22 13:05:53,300043.SZ,S,6.810,100
1412,61,2025-09-22,2025-09-22 13:05:53,300043.SZ,S,6.810,200
1413,59,2025-09-22,2025-09-22 13:05:53,300043.SZ,S,6.810,100
1414,59,2025-09-22,2025-09-22 13:05:53,300043.SZ,S,6.810,200
1415,61,2025-09-22,2025-09-22 13:05:44,300049.SZ,S,80.270,100
1416,58,2025-09-22,2025-09-22 13:05:44,002088.SZ,B,13.420,600
1417,59,2025-09-22,2025-09-22 13:05:40,300253.SZ,B,9.010,100
1418,59,2025-09-22,2025-09-22 13:05:40,300337.SZ,B,10.450,100
1419,61,2025-09-22,2025-09-22 13:05:31,603698.SH,S,19.350,100
1420,59,2025-09-22,2025-09-22 13:05:31,603698.SH,S,19.350,100
1421,52,2025-09-22,2025-09-22 13:04:07,300021.SZ,S,4.930,100
1422,58,2025-09-22,2025-09-22 13:05:14,002772.SZ,S,9.750,400
1423,58,2025-09-22,2025-09-22 13:05:11,002772.SZ,S,9.750,200
1424,58,2025-09-22,2025-09-22 13:04:48,603083.SH,S,116.140,100
1425,58,2025-09-22,2025-09-22 13:04:48,603083.SH,S,116.140,100
1426,61,2025-09-22,2025-09-22 13:04:49,600819.SH,S,7.260,200
1427,52,2025-09-22,2025-09-22 13:04:47,603083.SH,S,116.150,100
1428,59,2025-09-22,2025-09-22 13:04:43,000813.SZ,B,4.380,100
1429,52,2025-09-22,2025-09-22 13:02:57,601333.SH,S,3.360,100
1430,58,2025-09-22,2025-09-22 13:04:41,002330.SZ,S,4.990,200
1431,58,2025-09-22,2025-09-22 13:04:39,600819.SH,S,7.260,200
1432,61,2025-09-22,2025-09-22 13:04:37,300057.SZ,B,6.210,300
1433,59,2025-09-22,2025-09-22 13:04:37,300057.SZ,B,6.210,100
1434,59,2025-09-22,2025-09-22 13:04:34,603613.SH,B,30.420,100
1435,61,2025-09-22,2025-09-22 13:04:29,603063.SH,S,34.260,100
1436,52,2025-09-22,2025-09-22 13:01:52,601615.SH,B,13.390,600
1437,61,2025-09-22,2025-09-22 13:04:11,300703.SZ,B,32.370,400
1438,58,2025-09-22,2025-09-22 13:04:06,300703.SZ,B,32.350,200
1439,52,2025-09-22,2025-09-22 13:03:46,300885.SZ,S,24.950,100
1440,61,2025-09-22,2025-09-22 13:03:43,301419.SZ,S,36.980,200
1441,58,2025-09-22,2025-09-22 13:03:43,300885.SZ,S,24.950,100
1442,58,2025-09-22,2025-09-22 13:03:43,300885.SZ,S,24.950,200
1443,59,2025-09-22,2025-09-22 13:03:43,301419.SZ,S,36.980,100
1444,61,2025-09-22,2025-09-22 13:03:40,603809.SH,S,15.960,300
1445,52,2025-09-22,2025-09-22 13:03:32,002245.SZ,S,19.720,200
1446,58,2025-09-22,2025-09-22 13:03:31,600433.SH,S,3.230,2400
1447,58,2025-09-22,2025-09-22 13:03:30,600118.SH,S,35.170,100
1448,58,2025-09-22,2025-09-22 13:03:25,002245.SZ,S,19.720,200
1449,59,2025-09-22,2025-09-22 13:03:22,603809.SH,S,15.960,200
1450,52,2025-09-22,2025-09-22 13:02:53,600433.SH,S,3.230,1000
1451,59,2025-09-22,2025-09-22 13:03:20,603617.SH,B,8.520,100
1452,52,2025-09-22,2025-09-22 13:03:16,000887.SZ,S,25.420,100
1453,61,2025-09-22,2025-09-22 13:03:14,603613.SH,B,30.430,400
1454,59,2025-09-22,2025-09-22 13:03:13,300854.SZ,B,20.070,300
1455,61,2025-09-22,2025-09-22 13:03:13,002558.SZ,S,44.670,100
1456,58,2025-09-22,2025-09-22 13:03:09,603613.SH,B,30.410,600
1457,58,2025-09-22,2025-09-22 13:02:55,603928.SH,B,15.770,300
1458,58,2025-09-22,2025-09-22 13:02:55,603928.SH,B,15.770,300
1459,58,2025-09-22,2025-09-22 13:02:46,300428.SZ,S,23.780,100
1460,58,2025-09-22,2025-09-22 13:02:22,300703.SZ,B,32.350,100
1461,52,2025-09-22,2025-09-22 13:02:18,000066.SZ,S,17.390,200
1462,61,2025-09-22,2025-09-22 13:02:17,603068.SH,S,43.410,100
1463,59,2025-09-22,2025-09-22 13:02:15,002484.SZ,S,32.450,100
1464,59,2025-09-22,2025-09-22 13:02:15,002491.SZ,B,5.930,100
1465,59,2025-09-22,2025-09-22 13:02:13,002271.SZ,B,12.410,100
1466,59,2025-09-22,2025-09-22 13:02:02,300736.SZ,B,13.730,100
1467,61,2025-09-22,2025-09-22 13:01:55,002491.SZ,S,5.940,100
1468,58,2025-09-22,2025-09-22 13:01:54,603063.SH,S,34.360,200
1469,52,2025-09-22,2025-09-22 13:01:48,603063.SH,S,34.360,100
1470,59,2025-09-22,2025-09-22 13:01:47,002471.SZ,B,4.990,100
1471,59,2025-09-22,2025-09-22 13:01:43,000659.SZ,B,2.930,100
1472,61,2025-09-22,2025-09-22 13:01:44,300537.SZ,B,23.760,300
1473,59,2025-09-22,2025-09-22 13:01:34,603063.SH,S,34.380,100
1474,61,2025-09-22,2025-09-22 13:01:31,603063.SH,S,34.380,200
1475,59,2025-09-22,2025-09-22 13:01:30,000803.SZ,B,6.920,100
1476,61,2025-09-22,2025-09-22 13:01:28,002622.SZ,B,4.070,300
1477,58,2025-09-22,2025-09-22 13:01:25,301252.SZ,S,30.700,100
1478,58,2025-09-22,2025-09-22 13:01:25,301252.SZ,S,30.700,100
1479,52,2025-09-22,2025-09-22 13:01:25,600522.SH,S,17.190,100
1480,59,2025-09-22,2025-09-22 13:01:17,301252.SZ,S,30.710,100
1481,61,2025-09-22,2025-09-22 13:01:17,301252.SZ,S,30.710,200
1482,61,2025-09-22,2025-09-22 11:29:16,002506.SZ,B,2.550,300
1483,60,2025-09-22,2025-09-22 11:29:04,601658.SH,S,6.010,700
1484,60,2025-09-22,2025-09-22 11:29:04,601319.SH,B,7.780,700
1485,60,2025-09-22,2025-09-22 11:29:04,601398.SH,S,7.200,700
1486,60,2025-09-22,2025-09-22 11:29:04,600528.SH,S,8.340,500
1487,60,2025-09-22,2025-09-22 11:29:03,002911.SZ,S,11.660,300
1488,61,2025-09-22,2025-09-22 11:29:03,600221.SH,B,1.640,300
1489,60,2025-09-22,2025-09-22 11:29:02,002287.SZ,B,26.520,200
1490,60,2025-09-22,2025-09-22 11:29:02,300098.SZ,S,5.920,100
1491,60,2025-09-22,2025-09-22 11:29:02,300098.SZ,S,5.920,100
1492,60,2025-09-22,2025-09-22 11:29:02,300098.SZ,S,5.920,400
1493,58,2025-09-22,2025-09-22 11:29:01,600819.SH,S,7.050,600
1494,60,2025-09-22,2025-09-22 11:29:01,603948.SH,S,24.540,100
1495,60,2025-09-22,2025-09-22 11:29:01,603948.SH,S,24.540,100
1496,60,2025-09-22,2025-09-22 11:29:01,601668.SH,S,5.500,3800
1497,60,2025-09-22,2025-09-22 11:29:00,002683.SZ,S,44.750,200
1498,60,2025-09-22,2025-09-22 11:29:00,002714.SZ,S,52.950,100
1499,60,2025-09-22,2025-09-22 11:29:00,002683.SZ,S,44.750,900
1500,60,2025-09-22,2025-09-22 11:29:00,601018.SH,B,3.720,1900
1501,60,2025-09-22,2025-09-22 11:29:00,002714.SZ,S,52.950,100
1502,60,2025-09-22,2025-09-22 11:29:00,002683.SZ,S,44.750,100
1503,60,2025-09-22,2025-09-22 11:29:00,601018.SH,B,3.720,700
1504,60,2025-09-22,2025-09-22 11:29:00,002714.SZ,S,52.960,700
1505,60,2025-09-22,2025-09-22 11:29:00,002683.SZ,S,44.750,100
1506,60,2025-09-22,2025-09-22 11:29:00,600016.SH,B,4.060,300
1507,62,2025-09-22,2025-09-22 11:29:00,600326.SH,S,13.190,300
1508,60,2025-09-22,2025-09-22 11:29:00,000708.SZ,S,12.590,300
1509,60,2025-09-22,2025-09-22 11:29:00,000008.SZ,S,2.850,300
1510,60,2025-09-22,2025-09-22 11:29:00,002683.SZ,S,44.750,200
1511,60,2025-09-22,2025-09-22 11:29:00,003816.SZ,S,3.590,2100
1512,58,2025-09-22,2025-09-22 11:29:00,002679.SZ,B,10.370,500
1513,60,2025-09-22,2025-09-22 11:28:59,600528.SH,S,8.340,900
1514,60,2025-09-22,2025-09-22 11:28:59,600795.SH,S,5.040,1200
1515,60,2025-09-22,2025-09-22 11:28:59,002544.SZ,B,28.350,300
1516,58,2025-09-22,2025-09-22 11:28:58,603080.SH,B,21.690,300
1517,60,2025-09-22,2025-09-22 11:28:58,601003.SH,S,5.250,900
1518,60,2025-09-22,2025-09-22 11:28:58,601003.SH,S,5.250,400
1519,60,2025-09-22,2025-09-22 11:28:56,600331.SH,S,11.040,800
1520,60,2025-09-22,2025-09-22 11:28:56,601668.SH,S,5.500,4000
1521,61,2025-09-22,2025-09-22 11:28:56,600507.SH,S,5.250,100
1522,58,2025-09-22,2025-09-22 11:28:56,002055.SZ,B,8.310,1700
1523,60,2025-09-22,2025-09-22 11:28:51,601872.SH,S,8.680,200
1524,60,2025-09-22,2025-09-22 11:28:51,601872.SH,S,8.680,100
1525,60,2025-09-22,2025-09-22 11:28:51,000401.SZ,B,4.870,1100
1526,60,2025-09-22,2025-09-22 11:28:51,601872.SH,S,8.680,200
1527,60,2025-09-22,2025-09-22 11:28:51,601668.SH,S,5.500,4000
1528,60,2025-09-22,2025-09-22 11:28:51,601003.SH,S,5.250,1300
1529,62,2025-09-22,2025-09-22 11:28:51,600507.SH,B,5.260,1100
1530,60,2025-09-22,2025-09-22 11:28:51,000401.SZ,B,4.870,500
1531,60,2025-09-22,2025-09-22 11:28:51,600795.SH,S,5.040,1300
1532,58,2025-09-22,2025-09-22 11:28:51,301257.SZ,B,49.810,300
1533,60,2025-09-22,2025-09-22 11:28:50,600211.SH,S,51.150,600
1534,60,2025-09-22,2025-09-22 11:28:49,002096.SZ,S,13.590,300
1535,62,2025-09-22,2025-09-22 11:28:48,600507.SH,B,5.260,600
1536,60,2025-09-22,2025-09-22 11:28:48,000725.SZ,B,4.140,3100
1537,60,2025-09-22,2025-09-22 11:28:47,000708.SZ,S,12.600,300
1538,60,2025-09-22,2025-09-22 11:28:47,600233.SH,B,19.570,200
1539,60,2025-09-22,2025-09-22 11:28:46,600660.SH,B,71.650,200
1540,52,2025-09-22,2025-09-22 11:28:46,002055.SZ,B,8.310,800
1541,60,2025-09-22,2025-09-22 11:28:45,601156.SH,B,16.120,300
1542,60,2025-09-22,2025-09-22 11:28:44,300124.SZ,B,81.320,100
1543,61,2025-09-22,2025-09-22 11:28:42,002772.SZ,B,9.830,400
1544,52,2025-09-22,2025-09-22 11:21:19,300021.SZ,B,4.940,100
1545,60,2025-09-22,2025-09-22 11:28:41,300418.SZ,B,42.470,100
1546,60,2025-09-22,2025-09-22 11:28:40,603299.SH,B,10.420,200
1547,60,2025-09-22,2025-09-22 11:28:39,002062.SZ,S,11.090,100
1548,60,2025-09-22,2025-09-22 11:28:37,002062.SZ,S,11.090,100
1549,62,2025-09-22,2025-09-22 11:28:33,603235.SH,S,26.820,100
1550,60,2025-09-22,2025-09-22 11:28:33,300761.SZ,S,22.130,400
1551,60,2025-09-22,2025-09-22 11:28:33,603790.SH,B,23.800,200
1552,62,2025-09-22,2025-09-22 11:28:33,603235.SH,S,26.820,100
1553,60,2025-09-22,2025-09-22 11:28:27,600019.SH,S,6.880,200
1554,60,2025-09-22,2025-09-22 11:28:27,600019.SH,S,6.880,100
1555,60,2025-09-22,2025-09-22 11:28:27,600019.SH,S,6.880,100
1556,60,2025-09-22,2025-09-22 11:28:27,600019.SH,S,6.880,200
1557,60,2025-09-22,2025-09-22 11:28:27,600019.SH,S,6.880,200
1558,60,2025-09-22,2025-09-22 11:28:27,600019.SH,S,6.880,100
1559,60,2025-09-22,2025-09-22 11:28:27,600019.SH,S,6.880,200
1560,60,2025-09-22,2025-09-22 11:28:27,600019.SH,S,6.880,4200
1561,60,2025-09-22,2025-09-22 11:28:27,601868.SH,S,2.420,4500
1562,60,2025-09-22,2025-09-22 11:28:25,600863.SH,S,4.040,200
1563,60,2025-09-22,2025-09-22 11:28:23,601916.SH,S,3.020,200
1564,60,2025-09-22,2025-09-22 11:28:23,000725.SZ,B,4.140,6400
1565,52,2025-09-22,2025-09-22 11:28:13,600703.SH,B,15.310,400
1566,62,2025-09-22,2025-09-22 11:28:10,600507.SH,B,5.260,600
1567,60,2025-09-22,2025-09-22 11:28:01,000538.SZ,S,58.010,100
1568,60,2025-09-22,2025-09-22 11:27:57,000538.SZ,S,58.010,200
1569,60,2025-09-22,2025-09-22 11:27:57,601318.SH,S,55.300,1000
1570,60,2025-09-22,2025-09-22 11:27:55,601318.SH,S,55.300,100
1571,60,2025-09-22,2025-09-22 11:27:55,601318.SH,S,55.300,200
1572,60,2025-09-22,2025-09-22 11:27:55,002683.SZ,S,44.780,100
1573,60,2025-09-22,2025-09-22 11:27:55,601318.SH,S,55.300,100
1574,60,2025-09-22,2025-09-22 11:27:52,601318.SH,S,55.300,100
1575,60,2025-09-22,2025-09-22 11:27:51,601318.SH,S,55.300,100
1576,60,2025-09-22,2025-09-22 11:27:47,600846.SH,B,13.970,400
1577,60,2025-09-22,2025-09-22 11:27:46,002250.SZ,S,10.650,300
1578,60,2025-09-22,2025-09-22 11:27:45,603358.SH,S,43.720,100
1579,60,2025-09-22,2025-09-22 11:27:41,600585.SH,B,22.970,600
1580,60,2025-09-22,2025-09-22 11:27:41,600211.SH,S,51.190,100
1581,60,2025-09-22,2025-09-22 11:27:35,603358.SH,S,43.720,100
1582,60,2025-09-22,2025-09-22 11:27:33,600380.SH,S,12.580,400
1583,60,2025-09-22,2025-09-22 11:27:23,002142.SZ,S,26.420,900
1584,60,2025-09-22,2025-09-22 11:27:16,600547.SH,S,37.490,200
1585,60,2025-09-22,2025-09-22 11:27:16,600547.SH,S,37.490,700
1586,60,2025-09-22,2025-09-22 11:27:12,600309.SH,B,63.980,400
1587,62,2025-09-22,2025-09-22 11:27:12,600771.SH,B,19.250,300
1588,60,2025-09-22,2025-09-22 11:27:12,600309.SH,B,63.980,200
1589,60,2025-09-22,2025-09-22 11:27:11,600309.SH,B,63.980,100
1590,59,2025-09-22,2025-09-22 11:27:10,300465.SZ,B,25.200,100
1591,60,2025-09-22,2025-09-22 11:27:10,600111.SH,B,48.090,500
1592,61,2025-09-22,2025-09-22 11:27:08,002624.SZ,B,18.840,300
1593,60,2025-09-22,2025-09-22 11:27:07,000100.SZ,S,4.350,2700
1594,61,2025-09-22,2025-09-22 11:27:06,603080.SH,B,21.600,200
1595,61,2025-09-22,2025-09-22 11:27:06,603080.SH,B,21.600,100
1596,61,2025-09-22,2025-09-22 11:27:06,603080.SH,B,21.600,100
1597,60,2025-09-22,2025-09-22 11:27:03,601688.SH,B,19.700,200
1598,60,2025-09-22,2025-09-22 11:27:02,300981.SZ,B,13.620,100
1599,60,2025-09-22,2025-09-22 11:27:01,300770.SZ,S,45.780,1
1600,60,2025-09-22,2025-09-22 11:27:01,300770.SZ,S,45.780,199
1601,58,2025-09-22,2025-09-22 11:27:01,600210.SH,S,7.360,100
1602,60,2025-09-22,2025-09-22 11:27:00,601288.SH,B,6.540,800
1603,58,2025-09-22,2025-09-22 11:26:53,300684.SZ,S,44.430,100
1604,60,2025-09-22,2025-09-22 11:26:51,002074.SZ,S,43.930,100
1605,61,2025-09-22,2025-09-22 11:26:48,301257.SZ,B,49.860,100
1606,60,2025-09-22,2025-09-22 11:26:47,002345.SZ,S,15.220,100
1607,60,2025-09-22,2025-09-22 11:26:47,600276.SH,B,71.120,100
1608,60,2025-09-22,2025-09-22 11:26:45,000960.SZ,S,20.430,400
1609,60,2025-09-22,2025-09-22 11:26:44,600276.SH,B,71.120,800
1610,60,2025-09-22,2025-09-22 11:26:43,603456.SH,S,19.100,700
1611,60,2025-09-22,2025-09-22 11:26:42,000960.SZ,S,20.430,400
1612,60,2025-09-22,2025-09-22 11:26:42,300981.SZ,B,13.620,100
1613,58,2025-09-22,2025-09-22 11:26:37,300232.SZ,S,8.270,400
1614,60,2025-09-22,2025-09-22 11:26:28,300981.SZ,B,13.620,200
1615,60,2025-09-22,2025-09-22 11:26:28,300709.SZ,B,53.920,100
1616,60,2025-09-22,2025-09-22 11:26:27,601669.SH,S,5.630,2300
1617,60,2025-09-22,2025-09-22 11:26:26,601669.SH,S,5.630,200
1618,60,2025-09-22,2025-09-22 11:26:25,600406.SH,S,22.380,300
1619,61,2025-09-22,2025-09-22 11:26:23,002772.SZ,B,9.830,100
1620,61,2025-09-22,2025-09-22 11:26:23,002772.SZ,B,9.830,300
1621,60,2025-09-22,2025-09-22 11:26:22,600031.SH,S,21.570,300
1622,60,2025-09-22,2025-09-22 11:26:16,002415.SZ,S,30.420,100
1623,60,2025-09-22,2025-09-22 11:26:15,002050.SZ,S,42.330,300
1624,60,2025-09-22,2025-09-22 11:26:14,603659.SH,S,27.010,300
1625,60,2025-09-22,2025-09-22 11:26:13,600160.SH,S,36.120,100
1626,60,2025-09-22,2025-09-22 11:26:10,600737.SH,S,17.270,500
1627,60,2025-09-22,2025-09-22 11:26:10,000915.SZ,S,31.900,400
1628,60,2025-09-22,2025-09-22 11:26:09,300308.SZ,S,413.970,100
1629,60,2025-09-22,2025-09-22 11:26:07,300981.SZ,B,13.620,100
1630,60,2025-09-22,2025-09-22 11:26:07,603799.SH,S,52.350,100
1631,60,2025-09-22,2025-09-22 11:26:06,002241.SZ,S,35.060,200
1632,60,2025-09-22,2025-09-22 11:26:05,603019.SH,S,114.190,100
1633,60,2025-09-22,2025-09-22 11:26:04,300971.SZ,B,23.420,100
1634,60,2025-09-22,2025-09-22 11:26:04,600346.SH,S,16.750,1300
