,fund_id,trade_dt,trade_time,s_info_windcode,direction,price,qty
0,52.0,2025-09-23,2025-09-23 14:56:46,601975.SH,S,3.060,800
1,52.0,2025-09-23,2025-09-23 14:56:46,002501.SZ,B,2.520,500
2,52.0,2025-09-23,2025-09-23 14:56:46,300185.SZ,B,3.070,100
3,58.0,2025-09-23,2025-09-23 14:56:42,002126.SZ,B,41.900,100
4,61.0,2025-09-23,2025-09-23 14:56:38,600570.SH,B,32.770,100
5,61.0,2025-09-23,2025-09-23 14:56:33,300341.SZ,B,17.930,100
6,61.0,2025-09-23,2025-09-23 14:56:29,603058.SH,S,9.860,400
7,61.0,2025-09-23,2025-09-23 14:56:29,600722.SH,B,6.360,500
8,61.0,2025-09-23,2025-09-23 14:56:29,002284.SZ,S,13.000,100
9,58.0,2025-09-23,2025-09-23 14:56:27,300382.SZ,B,17.940,1000
10,58.0,2025-09-23,2025-09-23 14:56:26,002622.SZ,S,4.000,4061
11,58.0,2025-09-23,2025-09-23 14:56:26,002622.SZ,S,4.000,500
12,58.0,2025-09-23,2025-09-23 14:56:26,002622.SZ,S,4.000,839
13,58.0,2025-09-23,2025-09-23 14:56:24,300491.SZ,B,31.510,100
14,61.0,2025-09-23,2025-09-23 14:56:22,605303.SH,B,16.470,100
15,61.0,2025-09-23,2025-09-23 14:56:22,603032.SH,B,21.590,100
16,61.0,2025-09-23,2025-09-23 14:56:21,301325.SZ,B,65.640,100
17,61.0,2025-09-23,2025-09-23 14:56:21,301325.SZ,B,65.640,100
18,61.0,2025-09-23,2025-09-23 14:56:21,600233.SH,B,18.960,100
19,61.0,2025-09-23,2025-09-23 14:56:21,603285.SH,B,25.730,100
20,61.0,2025-09-23,2025-09-23 14:56:20,603992.SH,S,30.760,200
21,61.0,2025-09-23,2025-09-23 14:56:20,600595.SH,S,5.180,1000
22,61.0,2025-09-23,2025-09-23 14:56:20,000767.SZ,B,2.930,100
23,61.0,2025-09-23,2025-09-23 14:56:20,603366.SH,B,9.530,100
24,61.0,2025-09-23,2025-09-23 14:56:20,000927.SZ,B,2.670,100
25,61.0,2025-09-23,2025-09-23 14:56:20,603300.SH,B,9.550,600
26,61.0,2025-09-23,2025-09-23 14:56:20,300652.SZ,B,61.430,100
27,58.0,2025-09-23,2025-09-23 14:56:19,002786.SZ,B,9.350,400
28,61.0,2025-09-23,2025-09-23 14:56:19,002090.SZ,B,10.910,200
29,61.0,2025-09-23,2025-09-23 14:56:19,002622.SZ,S,4.010,4400
30,58.0,2025-09-23,2025-09-23 14:56:17,002484.SZ,B,32.500,300
31,61.0,2025-09-23,2025-09-23 14:56:18,002949.SZ,S,16.480,400
32,61.0,2025-09-23,2025-09-23 14:56:18,603300.SH,B,9.550,396
33,61.0,2025-09-23,2025-09-23 14:56:18,603300.SH,B,9.550,204
34,58.0,2025-09-23,2025-09-23 14:56:17,601872.SH,S,8.700,1000
35,61.0,2025-09-23,2025-09-23 14:56:17,688221.SH,B,14.870,164
36,61.0,2025-09-23,2025-09-23 14:56:17,688221.SH,B,14.870,200
37,61.0,2025-09-23,2025-09-23 14:56:17,600192.SH,B,9.290,500
38,58.0,2025-09-23,2025-09-23 14:56:16,002949.SZ,S,16.480,300
39,58.0,2025-09-23,2025-09-23 14:56:16,600206.SH,B,20.350,200
40,58.0,2025-09-23,2025-09-23 14:56:16,600487.SH,S,22.030,200
41,58.0,2025-09-23,2025-09-23 14:56:16,002431.SZ,B,2.420,300
42,61.0,2025-09-23,2025-09-23 14:56:16,600595.SH,S,5.180,900
43,61.0,2025-09-23,2025-09-23 14:56:16,000677.SZ,S,4.920,100
44,61.0,2025-09-23,2025-09-23 14:56:16,600990.SH,B,27.700,100
45,61.0,2025-09-23,2025-09-23 14:56:16,600595.SH,S,5.180,100
46,61.0,2025-09-23,2025-09-23 14:56:16,002150.SZ,S,15.660,300
47,61.0,2025-09-23,2025-09-23 14:56:15,300478.SZ,B,25.120,200
48,61.0,2025-09-23,2025-09-23 14:56:16,002632.SZ,B,10.150,200
49,61.0,2025-09-23,2025-09-23 14:56:15,600487.SH,S,22.040,300
50,61.0,2025-09-23,2025-09-23 14:56:15,603088.SH,B,11.580,500
51,61.0,2025-09-23,2025-09-23 14:56:15,603992.SH,S,30.770,200
52,61.0,2025-09-23,2025-09-23 14:56:15,002150.SZ,S,15.660,400
53,52.0,2025-09-23,2025-09-23 14:56:14,600052.SH,B,5.320,800
54,52.0,2025-09-23,2025-09-23 14:56:14,600221.SH,B,1.600,100
55,58.0,2025-09-23,2025-09-23 14:56:15,002317.SZ,B,17.810,300
56,52.0,2025-09-23,2025-09-23 14:56:12,002448.SZ,S,10.970,100
57,59.0,2025-09-23,2025-09-23 14:56:12,605287.SH,B,21.050,100
58,61.0,2025-09-23,2025-09-23 14:56:10,000926.SZ,B,2.610,2800
59,61.0,2025-09-23,2025-09-23 14:56:10,603507.SH,B,27.220,100
60,61.0,2025-09-23,2025-09-23 14:56:09,000838.SZ,B,2.600,100
61,58.0,2025-09-23,2025-09-23 14:56:08,000926.SZ,B,2.620,2600
62,58.0,2025-09-23,2025-09-23 14:56:08,603667.SH,B,47.450,100
63,58.0,2025-09-23,2025-09-23 14:56:08,002679.SZ,S,10.550,1100
64,52.0,2025-09-23,2025-09-23 14:56:07,002707.SZ,B,7.550,1300
65,52.0,2025-09-23,2025-09-23 14:56:00,603016.SH,S,28.770,200
66,61.0,2025-09-23,2025-09-23 14:56:07,301135.SZ,S,29.790,100
67,52.0,2025-09-23,2025-09-23 14:56:06,603809.SH,S,15.040,100
68,61.0,2025-09-23,2025-09-23 14:56:06,603758.SH,S,15.940,200
69,61.0,2025-09-23,2025-09-23 14:56:06,600633.SH,B,14.350,100
70,52.0,2025-09-23,2025-09-23 14:56:05,601818.SH,B,3.480,100
71,61.0,2025-09-23,2025-09-23 14:56:05,300840.SZ,B,19.600,100
72,61.0,2025-09-23,2025-09-23 14:56:04,603016.SH,S,28.760,500
73,61.0,2025-09-23,2025-09-23 14:56:05,300725.SZ,B,40.590,200
74,52.0,2025-09-23,2025-09-23 14:56:04,300559.SZ,S,14.760,100
75,58.0,2025-09-23,2025-09-23 14:56:05,002172.SZ,B,4.120,1500
76,58.0,2025-09-23,2025-09-23 14:56:05,603058.SH,S,9.880,800
77,58.0,2025-09-23,2025-09-23 14:56:04,002212.SZ,B,9.820,500
78,58.0,2025-09-23,2025-09-23 14:56:04,603300.SH,B,9.550,796
79,58.0,2025-09-23,2025-09-23 14:56:04,603300.SH,B,9.550,204
80,52.0,2025-09-23,2025-09-23 14:56:04,002186.SZ,B,11.520,500
81,61.0,2025-09-23,2025-09-23 14:56:04,603229.SH,B,10.460,300
82,52.0,2025-09-23,2025-09-23 14:56:03,603992.SH,S,30.780,100
83,52.0,2025-09-23,2025-09-23 14:56:03,002622.SZ,S,4.010,1000
84,61.0,2025-09-23,2025-09-23 14:56:03,300382.SZ,B,17.910,1000
85,61.0,2025-09-23,2025-09-23 14:56:03,600834.SH,S,8.540,100
86,61.0,2025-09-23,2025-09-23 14:56:03,000753.SZ,B,7.250,400
87,61.0,2025-09-23,2025-09-23 14:56:03,300382.SZ,B,17.910,300
88,61.0,2025-09-23,2025-09-23 14:56:03,603815.SH,B,11.770,100
89,61.0,2025-09-23,2025-09-23 14:56:02,002516.SZ,S,6.350,3800
90,61.0,2025-09-23,2025-09-23 14:56:02,003029.SZ,B,24.060,500
91,61.0,2025-09-23,2025-09-23 14:56:02,300748.SZ,B,34.170,100
92,61.0,2025-09-23,2025-09-23 14:56:02,002534.SZ,B,16.260,100
93,61.0,2025-09-23,2025-09-23 14:56:01,002679.SZ,S,10.560,1800
94,61.0,2025-09-23,2025-09-23 14:56:01,300593.SZ,B,18.020,100
95,52.0,2025-09-23,2025-09-23 14:56:01,601218.SH,B,4.650,100
96,58.0,2025-09-23,2025-09-23 14:56:01,603016.SH,S,28.770,300
97,58.0,2025-09-23,2025-09-23 14:56:01,603016.SH,S,28.770,200
98,61.0,2025-09-23,2025-09-23 14:56:01,002765.SZ,B,13.660,200
99,61.0,2025-09-23,2025-09-23 14:56:00,002679.SZ,S,10.560,300
100,61.0,2025-09-23,2025-09-23 14:56:01,002741.SZ,B,21.770,1000
101,61.0,2025-09-23,2025-09-23 14:56:00,601872.SH,S,8.700,2000
102,61.0,2025-09-23,2025-09-23 14:56:00,002679.SZ,S,10.560,100
103,61.0,2025-09-23,2025-09-23 14:56:00,002667.SZ,B,10.940,100
104,58.0,2025-09-23,2025-09-23 14:56:00,002805.SZ,B,13.350,100
105,58.0,2025-09-23,2025-09-23 14:56:00,002805.SZ,B,13.350,100
106,58.0,2025-09-23,2025-09-23 14:56:00,002871.SZ,B,16.790,200
107,61.0,2025-09-23,2025-09-23 14:56:00,600498.SH,S,28.040,300
108,61.0,2025-09-23,2025-09-23 14:56:00,300141.SZ,S,9.950,100
109,58.0,2025-09-23,2025-09-23 14:55:58,002949.SZ,S,16.510,100
110,58.0,2025-09-23,2025-09-23 14:55:58,002949.SZ,S,16.510,200
111,58.0,2025-09-23,2025-09-23 14:55:54,002284.SZ,S,13.010,100
112,59.0,2025-09-23,2025-09-23 14:55:54,002284.SZ,S,13.010,100
113,52.0,2025-09-23,2025-09-23 14:55:53,002284.SZ,S,13.010,100
114,58.0,2025-09-23,2025-09-23 14:55:40,600722.SH,B,6.350,400
115,61.0,2025-09-23,2025-09-23 14:55:39,002172.SZ,B,4.120,200
116,52.0,2025-09-23,2025-09-23 14:55:37,002949.SZ,S,16.520,100
117,58.0,2025-09-23,2025-09-23 14:55:17,002156.SZ,B,34.360,400
118,59.0,2025-09-23,2025-09-23 14:55:16,000926.SZ,B,2.610,1600
119,58.0,2025-09-23,2025-09-23 14:55:11,002899.SZ,B,20.430,400
120,58.0,2025-09-23,2025-09-23 14:55:10,002679.SZ,S,10.570,800
121,52.0,2025-09-23,2025-09-23 14:55:04,688221.SH,B,14.820,200
122,52.0,2025-09-23,2025-09-23 14:54:59,600366.SH,S,13.970,100
123,58.0,2025-09-23,2025-09-23 14:54:53,603992.SH,S,30.790,500
124,59.0,2025-09-23,2025-09-23 14:54:39,002707.SZ,B,7.550,800
125,59.0,2025-09-23,2025-09-23 14:54:39,002915.SZ,B,26.520,200
126,58.0,2025-09-23,2025-09-23 14:54:39,002707.SZ,B,7.550,2500
127,59.0,2025-09-23,2025-09-23 14:54:37,603016.SH,S,28.790,200
128,58.0,2025-09-23,2025-09-23 14:54:37,603051.SH,B,22.980,100
129,58.0,2025-09-23,2025-09-23 14:54:23,002248.SZ,B,10.300,200
130,61.0,2025-09-23,2025-09-23 14:54:23,000008.SZ,B,2.810,100
131,52.0,2025-09-23,2025-09-23 14:54:02,603328.SH,B,12.330,500
132,59.0,2025-09-23,2025-09-23 14:54:15,600884.SH,B,14.080,100
133,58.0,2025-09-23,2025-09-23 14:54:15,002374.SZ,B,2.810,700
134,52.0,2025-09-23,2025-09-23 14:54:01,002622.SZ,S,4.010,1000
135,58.0,2025-09-23,2025-09-23 14:53:51,603758.SH,S,15.950,100
136,52.0,2025-09-23,2025-09-23 14:53:47,600601.SH,S,10.930,243
137,52.0,2025-09-23,2025-09-23 14:53:47,600601.SH,S,10.930,57
138,58.0,2025-09-23,2025-09-23 14:53:14,300141.SZ,S,9.920,100
139,52.0,2025-09-23,2025-09-23 14:52:54,603829.SH,B,22.330,100
140,59.0,2025-09-23,2025-09-23 14:53:09,003029.SZ,B,24.070,100
141,58.0,2025-09-23,2025-09-23 14:53:08,600171.SH,B,36.340,100
142,52.0,2025-09-23,2025-09-23 14:52:02,000926.SZ,B,2.610,1500
143,58.0,2025-09-23,2025-09-23 14:53:05,002042.SZ,S,5.800,600
144,59.0,2025-09-23,2025-09-23 14:53:02,603328.SH,B,12.330,600
145,61.0,2025-09-23,2025-09-23 14:53:00,002256.SZ,B,3.030,800
146,58.0,2025-09-23,2025-09-23 14:52:56,002632.SZ,B,10.150,200
147,58.0,2025-09-23,2025-09-23 14:52:55,300135.SZ,B,4.410,400
148,58.0,2025-09-23,2025-09-23 14:52:52,002516.SZ,S,6.330,3200
149,59.0,2025-09-23,2025-09-23 14:52:52,002516.SZ,S,6.330,1500
150,52.0,2025-09-23,2025-09-23 14:50:02,002745.SZ,S,9.520,200
151,58.0,2025-09-23,2025-09-23 14:52:45,002627.SZ,B,6.410,400
152,52.0,2025-09-23,2025-09-23 14:52:25,002627.SZ,B,6.410,500
153,52.0,2025-09-23,2025-09-23 14:52:43,603626.SH,S,15.010,100
154,59.0,2025-09-23,2025-09-23 14:52:39,300352.SZ,B,5.920,400
155,59.0,2025-09-23,2025-09-23 14:52:34,002115.SZ,B,11.070,500
156,59.0,2025-09-23,2025-09-23 14:52:33,600722.SH,B,6.330,100
157,59.0,2025-09-23,2025-09-23 14:52:31,002707.SZ,B,7.560,700
158,59.0,2025-09-23,2025-09-23 14:52:31,601872.SH,S,8.690,800
159,59.0,2025-09-23,2025-09-23 14:52:30,600330.SH,B,11.800,100
160,59.0,2025-09-23,2025-09-23 14:52:30,002622.SZ,S,4.010,200
161,59.0,2025-09-23,2025-09-23 14:52:30,002622.SZ,S,4.010,2300
162,59.0,2025-09-23,2025-09-23 14:52:29,300164.SZ,B,5.220,400
163,59.0,2025-09-23,2025-09-23 14:52:24,603758.SH,S,15.910,100
164,58.0,2025-09-23,2025-09-23 14:52:22,603285.SH,B,25.760,100
165,52.0,2025-09-23,2025-09-23 14:52:22,002772.SZ,S,9.580,100
166,58.0,2025-09-23,2025-09-23 14:52:21,002765.SZ,B,13.650,100
167,58.0,2025-09-23,2025-09-23 14:52:20,300126.SZ,S,9.580,500
168,52.0,2025-09-23,2025-09-23 14:52:19,300126.SZ,S,9.580,100
169,52.0,2025-09-23,2025-09-23 14:52:03,002915.SZ,B,26.560,100
170,52.0,2025-09-23,2025-09-23 14:52:06,300736.SZ,S,13.230,100
171,59.0,2025-09-23,2025-09-23 14:52:04,002403.SZ,B,14.980,100
172,52.0,2025-09-23,2025-09-23 14:51:07,002679.SZ,S,10.540,500
173,52.0,2025-09-23,2025-09-23 14:51:59,601208.SH,B,21.870,200
174,58.0,2025-09-23,2025-09-23 14:51:53,000753.SZ,B,7.240,300
175,59.0,2025-09-23,2025-09-23 14:51:50,002156.SZ,B,34.370,100
176,58.0,2025-09-23,2025-09-23 14:51:43,001269.SZ,B,26.100,100
177,58.0,2025-09-23,2025-09-23 14:51:43,001269.SZ,B,26.100,100
178,58.0,2025-09-23,2025-09-23 14:51:43,601872.SH,S,8.680,900
179,52.0,2025-09-23,2025-09-23 14:48:36,000750.SZ,B,4.460,100
180,52.0,2025-09-23,2025-09-23 14:51:42,601872.SH,S,8.680,500
181,52.0,2025-09-23,2025-09-23 14:51:29,601208.SH,B,21.840,300
182,58.0,2025-09-23,2025-09-23 14:51:37,002971.SZ,B,31.360,100
183,58.0,2025-09-23,2025-09-23 14:51:37,600192.SH,B,9.290,400
184,58.0,2025-09-23,2025-09-23 14:51:35,603381.SH,B,24.330,200
185,58.0,2025-09-23,2025-09-23 14:51:35,600487.SH,S,22.040,500
186,52.0,2025-09-23,2025-09-23 14:51:34,601991.SH,S,3.440,400
187,59.0,2025-09-23,2025-09-23 14:51:29,002915.SZ,B,26.590,100
188,59.0,2025-09-23,2025-09-23 14:51:29,002915.SZ,B,26.580,100
189,59.0,2025-09-23,2025-09-23 14:51:27,002150.SZ,S,15.670,300
190,58.0,2025-09-23,2025-09-23 14:51:27,002150.SZ,S,15.670,400
191,59.0,2025-09-23,2025-09-23 14:51:26,600595.SH,S,5.170,900
192,58.0,2025-09-23,2025-09-23 14:51:25,300491.SZ,B,31.540,100
193,58.0,2025-09-23,2025-09-23 14:51:22,002150.SZ,S,15.670,200
194,52.0,2025-09-23,2025-09-23 14:51:21,002150.SZ,S,15.670,200
195,52.0,2025-09-23,2025-09-23 14:51:14,000933.SZ,S,19.000,100
196,59.0,2025-09-23,2025-09-23 14:51:14,600452.SH,S,9.530,100
197,59.0,2025-09-23,2025-09-23 14:51:10,002560.SZ,S,7.230,100
198,59.0,2025-09-23,2025-09-23 14:51:09,300189.SZ,B,4.330,400
199,59.0,2025-09-23,2025-09-23 14:51:08,002484.SZ,B,32.480,100
200,61.0,2025-09-23,2025-09-23 14:51:09,300189.SZ,B,4.330,1100
201,59.0,2025-09-23,2025-09-23 14:51:07,002679.SZ,S,10.540,600
202,61.0,2025-09-23,2025-09-23 14:51:06,000676.SZ,B,9.770,100
203,58.0,2025-09-23,2025-09-23 14:50:56,301135.SZ,S,29.890,100
204,59.0,2025-09-23,2025-09-23 14:50:44,002786.SZ,B,9.340,100
205,61.0,2025-09-23,2025-09-23 14:50:43,300798.SZ,B,7.940,100
206,52.0,2025-09-23,2025-09-23 14:50:40,002871.SZ,B,16.770,100
207,58.0,2025-09-23,2025-09-23 14:50:41,603229.SH,B,10.490,100
208,59.0,2025-09-23,2025-09-23 14:50:38,603829.SH,B,22.320,100
209,59.0,2025-09-23,2025-09-23 14:50:35,002501.SZ,B,2.510,400
210,58.0,2025-09-23,2025-09-23 14:50:35,300352.SZ,B,5.920,700
211,58.0,2025-09-23,2025-09-23 14:50:35,300593.SZ,B,17.980,100
212,58.0,2025-09-23,2025-09-23 14:50:34,600595.SH,S,5.180,1800
213,52.0,2025-09-23,2025-09-23 14:49:06,600595.SH,S,5.180,600
214,59.0,2025-09-23,2025-09-23 14:50:31,300491.SZ,B,31.610,100
215,59.0,2025-09-23,2025-09-23 14:50:30,603992.SH,S,30.800,200
216,61.0,2025-09-23,2025-09-23 14:50:28,000571.SZ,B,4.900,100
217,61.0,2025-09-23,2025-09-23 14:50:25,300135.SZ,B,4.400,100
218,52.0,2025-09-23,2025-09-23 14:46:17,000056.SZ,B,2.680,100
219,61.0,2025-09-23,2025-09-23 14:50:22,002501.SZ,B,2.510,500
220,61.0,2025-09-23,2025-09-23 14:50:18,601003.SH,B,5.180,100
221,52.0,2025-09-23,2025-09-23 14:50:17,000592.SZ,B,3.320,100
222,61.0,2025-09-23,2025-09-23 14:50:07,002622.SZ,S,4.030,200
223,61.0,2025-09-23,2025-09-23 14:50:07,002575.SZ,B,8.290,400
224,61.0,2025-09-23,2025-09-23 14:50:07,002622.SZ,S,4.030,600
225,61.0,2025-09-23,2025-09-23 14:50:05,002622.SZ,S,4.030,200
226,59.0,2025-09-23,2025-09-23 14:50:00,300141.SZ,S,9.920,100
227,59.0,2025-09-23,2025-09-23 14:49:55,002575.SZ,B,8.290,100
228,61.0,2025-09-23,2025-09-23 14:49:53,603138.SH,B,16.640,100
229,61.0,2025-09-23,2025-09-23 14:49:53,002622.SZ,S,4.030,100
230,61.0,2025-09-23,2025-09-23 14:49:52,300164.SZ,B,5.230,1100
231,59.0,2025-09-23,2025-09-23 14:49:51,002476.SZ,S,5.780,500
232,61.0,2025-09-23,2025-09-23 14:49:51,002476.SZ,S,5.780,1300
233,61.0,2025-09-23,2025-09-23 14:49:45,600793.SH,B,22.390,100
234,61.0,2025-09-23,2025-09-23 14:49:45,002622.SZ,S,4.030,700
235,52.0,2025-09-23,2025-09-23 14:49:41,000659.SZ,B,2.820,2300
236,58.0,2025-09-23,2025-09-23 14:49:42,002501.SZ,B,2.520,700
237,58.0,2025-09-23,2025-09-23 14:49:40,300725.SZ,B,40.580,100
238,58.0,2025-09-23,2025-09-23 14:49:40,002476.SZ,S,5.780,1100
239,52.0,2025-09-23,2025-09-23 14:48:33,002476.SZ,S,5.780,300
240,61.0,2025-09-23,2025-09-23 14:49:38,002354.SZ,B,7.010,100
241,52.0,2025-09-23,2025-09-23 14:49:32,002140.SZ,S,10.940,100
242,58.0,2025-09-23,2025-09-23 14:49:35,002575.SZ,B,8.290,200
243,58.0,2025-09-23,2025-09-23 14:49:33,000592.SZ,B,3.320,400
244,61.0,2025-09-23,2025-09-23 14:49:31,600021.SH,B,18.940,100
245,61.0,2025-09-23,2025-09-23 14:49:30,603680.SH,S,12.400,100
246,52.0,2025-09-23,2025-09-23 14:48:50,000813.SZ,S,4.170,100
247,59.0,2025-09-23,2025-09-23 14:49:26,603381.SH,B,24.340,100
248,58.0,2025-09-23,2025-09-23 14:49:26,002263.SZ,B,3.680,200
249,58.0,2025-09-23,2025-09-23 14:49:26,002263.SZ,B,3.680,100
250,59.0,2025-09-23,2025-09-23 14:49:26,600498.SH,S,28.090,100
251,58.0,2025-09-23,2025-09-23 14:49:25,600601.SH,S,10.930,90
252,58.0,2025-09-23,2025-09-23 14:49:25,600601.SH,S,10.930,10
253,58.0,2025-09-23,2025-09-23 14:49:06,600693.SH,B,5.940,100
254,52.0,2025-09-23,2025-09-23 14:49:05,300252.SZ,S,15.110,100
255,61.0,2025-09-23,2025-09-23 14:48:50,600875.SH,B,18.610,100
256,52.0,2025-09-23,2025-09-23 14:48:46,300164.SZ,B,5.230,100
257,52.0,2025-09-23,2025-09-23 14:48:34,605287.SH,B,21.020,100
258,52.0,2025-09-23,2025-09-23 14:48:12,002545.SZ,S,13.020,100
259,58.0,2025-09-23,2025-09-23 14:48:28,002090.SZ,B,10.900,100
260,58.0,2025-09-23,2025-09-23 14:48:25,002534.SZ,B,16.270,100
261,59.0,2025-09-23,2025-09-23 14:48:25,002263.SZ,B,3.670,100
262,52.0,2025-09-23,2025-09-23 14:46:50,300352.SZ,B,5.890,100
263,58.0,2025-09-23,2025-09-23 14:48:24,601218.SH,B,4.610,100
264,58.0,2025-09-23,2025-09-23 14:48:12,001215.SZ,B,39.710,100
265,52.0,2025-09-23,2025-09-23 14:48:13,002741.SZ,B,21.790,100
266,58.0,2025-09-23,2025-09-23 14:48:12,002042.SZ,S,5.780,1100
267,52.0,2025-09-23,2025-09-23 14:46:33,002042.SZ,S,5.780,700
268,61.0,2025-09-23,2025-09-23 14:48:11,301030.SZ,B,14.640,100
269,61.0,2025-09-23,2025-09-23 14:48:09,000931.SZ,S,5.010,1
270,61.0,2025-09-23,2025-09-23 14:48:08,000931.SZ,S,5.010,99
271,61.0,2025-09-23,2025-09-23 14:48:05,300068.SZ,B,18.890,100
272,61.0,2025-09-23,2025-09-23 14:47:59,600693.SH,B,5.940,200
273,61.0,2025-09-23,2025-09-23 14:47:59,002248.SZ,B,10.270,200
274,58.0,2025-09-23,2025-09-23 14:47:59,600769.SH,S,10.890,400
275,59.0,2025-09-23,2025-09-23 14:47:58,600192.SH,B,9.280,100
276,59.0,2025-09-23,2025-09-23 14:47:58,300790.SZ,B,32.500,100
277,61.0,2025-09-23,2025-09-23 14:47:58,300126.SZ,S,9.590,500
278,59.0,2025-09-23,2025-09-23 14:47:58,300126.SZ,S,9.590,200
279,61.0,2025-09-23,2025-09-23 14:47:56,002444.SZ,B,32.850,100
280,59.0,2025-09-23,2025-09-23 14:47:56,002949.SZ,S,16.530,200
281,61.0,2025-09-23,2025-09-23 14:47:56,002949.SZ,S,16.530,300
282,52.0,2025-09-23,2025-09-23 14:47:52,600769.SH,S,10.890,100
283,61.0,2025-09-23,2025-09-23 14:47:49,601608.SH,B,5.210,100
284,59.0,2025-09-23,2025-09-23 14:47:45,002537.SZ,B,8.800,300
285,61.0,2025-09-23,2025-09-23 14:47:44,300352.SZ,B,5.900,1000
286,52.0,2025-09-23,2025-09-23 14:46:18,300189.SZ,B,4.330,100
287,59.0,2025-09-23,2025-09-23 14:47:27,002374.SZ,B,2.810,400
288,61.0,2025-09-23,2025-09-23 14:47:25,300079.SZ,B,5.670,100
289,61.0,2025-09-23,2025-09-23 14:47:24,002263.SZ,B,3.670,500
290,52.0,2025-09-23,2025-09-23 14:46:17,002330.SZ,B,4.870,100
291,61.0,2025-09-23,2025-09-23 14:47:22,002226.SZ,B,6.460,100
292,61.0,2025-09-23,2025-09-23 14:47:21,600052.SH,B,5.300,600
293,61.0,2025-09-23,2025-09-23 14:47:20,603083.SH,S,114.710,100
294,59.0,2025-09-23,2025-09-23 14:47:02,002186.SZ,B,11.510,600
295,59.0,2025-09-23,2025-09-23 14:46:57,002899.SZ,B,20.410,100
296,59.0,2025-09-23,2025-09-23 14:46:57,600769.SH,S,10.850,200
297,61.0,2025-09-23,2025-09-23 14:46:56,002899.SZ,B,20.410,400
298,61.0,2025-09-23,2025-09-23 14:46:55,301096.SZ,S,64.190,100
299,59.0,2025-09-23,2025-09-23 14:46:55,301096.SZ,S,64.190,100
300,61.0,2025-09-23,2025-09-23 14:46:53,600301.SH,B,29.730,100
301,61.0,2025-09-23,2025-09-23 14:46:53,600769.SH,S,10.850,500
302,61.0,2025-09-23,2025-09-23 14:46:53,000592.SZ,B,3.310,500
303,61.0,2025-09-23,2025-09-23 14:46:50,600601.SH,S,10.910,200
304,61.0,2025-09-23,2025-09-23 14:46:50,300903.SZ,B,12.990,100
305,61.0,2025-09-23,2025-09-23 14:46:48,002431.SZ,B,2.410,500
306,61.0,2025-09-23,2025-09-23 14:46:45,603058.SH,S,9.890,500
307,52.0,2025-09-23,2025-09-23 14:46:37,603058.SH,S,9.890,300
308,52.0,2025-09-23,2025-09-23 14:46:42,002212.SZ,B,9.790,100
309,52.0,2025-09-23,2025-09-23 14:46:17,300304.SZ,S,13.820,100
310,61.0,2025-09-23,2025-09-23 14:46:41,603058.SH,S,9.890,500
311,61.0,2025-09-23,2025-09-23 14:46:40,300546.SZ,B,26.110,100
312,61.0,2025-09-23,2025-09-23 14:46:39,002805.SZ,B,13.330,400
313,59.0,2025-09-23,2025-09-23 14:46:39,603058.SH,S,9.880,300
314,61.0,2025-09-23,2025-09-23 14:46:39,603306.SH,S,52.320,200
315,61.0,2025-09-23,2025-09-23 14:46:39,603611.SH,B,24.230,100
316,61.0,2025-09-23,2025-09-23 14:46:37,600487.SH,S,21.910,500
317,61.0,2025-09-23,2025-09-23 14:46:30,002314.SZ,B,2.800,100
318,59.0,2025-09-23,2025-09-23 14:46:28,603088.SH,B,11.590,100
319,61.0,2025-09-23,2025-09-23 14:46:25,601018.SH,B,3.800,100
320,59.0,2025-09-23,2025-09-23 14:46:23,600487.SH,S,21.930,100
321,59.0,2025-09-23,2025-09-23 14:46:23,600487.SH,S,21.930,100
322,58.0,2025-09-23,2025-09-23 14:46:22,603607.SH,B,23.180,200
323,59.0,2025-09-23,2025-09-23 14:46:22,002042.SZ,S,5.770,500
324,59.0,2025-09-23,2025-09-23 14:46:21,000592.SZ,B,3.310,100
325,58.0,2025-09-23,2025-09-23 14:46:22,600498.SH,S,27.940,300
326,61.0,2025-09-23,2025-09-23 14:46:20,300253.SZ,B,8.750,100
327,59.0,2025-09-23,2025-09-23 14:46:20,002042.SZ,S,5.770,200
328,59.0,2025-09-23,2025-09-23 14:46:20,002042.SZ,S,5.770,100
329,61.0,2025-09-23,2025-09-23 14:46:19,002042.SZ,S,5.770,100
330,61.0,2025-09-23,2025-09-23 14:46:19,603127.SH,B,36.600,100
331,61.0,2025-09-23,2025-09-23 14:46:19,002042.SZ,S,5.770,300
332,61.0,2025-09-23,2025-09-23 14:46:18,000056.SZ,B,2.690,100
333,61.0,2025-09-23,2025-09-23 14:46:18,002374.SZ,B,2.810,900
334,61.0,2025-09-23,2025-09-23 14:46:19,002042.SZ,S,5.770,400
335,52.0,2025-09-23,2025-09-23 14:46:17,601339.SH,S,5.420,100
336,61.0,2025-09-23,2025-09-23 14:46:18,002042.SZ,S,5.770,500
337,61.0,2025-09-23,2025-09-23 14:46:18,002042.SZ,S,5.770,500
338,61.0,2025-09-23,2025-09-23 14:46:18,002042.SZ,S,5.770,100
339,61.0,2025-09-23,2025-09-23 14:46:18,002042.SZ,S,5.770,100
340,59.0,2025-09-23,2025-09-23 14:46:13,002431.SZ,B,2.410,100
341,61.0,2025-09-23,2025-09-23 14:43:22,603051.SH,B,22.880,100
342,61.0,2025-09-23,2025-09-23 14:43:16,300189.SZ,B,4.330,1200
343,61.0,2025-09-23,2025-09-23 14:43:16,600595.SH,S,5.150,800
344,58.0,2025-09-23,2025-09-23 14:43:14,002627.SZ,B,6.390,400
345,52.0,2025-09-23,2025-09-23 14:43:13,600221.SH,B,1.600,200
346,61.0,2025-09-23,2025-09-23 14:43:09,603051.SH,B,22.870,100
347,58.0,2025-09-23,2025-09-23 14:43:07,603667.SH,B,47.430,100
348,58.0,2025-09-23,2025-09-23 14:43:06,001269.SZ,B,25.970,100
349,61.0,2025-09-23,2025-09-23 14:43:07,000677.SZ,S,4.910,100
350,61.0,2025-09-23,2025-09-23 14:43:06,002858.SZ,S,15.080,100
351,58.0,2025-09-23,2025-09-23 14:43:06,601872.SH,S,8.660,800
352,52.0,2025-09-23,2025-09-23 14:43:03,601818.SH,B,3.480,200
353,61.0,2025-09-23,2025-09-23 14:43:03,002212.SZ,B,9.760,800
354,58.0,2025-09-23,2025-09-23 14:43:02,600206.SH,B,20.160,100
355,61.0,2025-09-23,2025-09-23 14:43:01,600769.SH,S,10.710,100
356,61.0,2025-09-23,2025-09-23 14:43:01,000659.SZ,B,2.820,3700
357,61.0,2025-09-23,2025-09-23 14:43:01,600684.SH,S,5.840,100
358,61.0,2025-09-23,2025-09-23 14:43:00,601872.SH,S,8.660,1736
359,61.0,2025-09-23,2025-09-23 14:43:00,601872.SH,S,8.660,264
360,61.0,2025-09-23,2025-09-23 14:43:00,002476.SZ,S,5.730,100
361,61.0,2025-09-23,2025-09-23 14:43:00,600834.SH,S,8.500,100
362,61.0,2025-09-23,2025-09-23 14:43:00,603680.SH,S,12.390,100
363,58.0,2025-09-23,2025-09-23 14:42:57,002938.SZ,B,62.210,100
364,59.0,2025-09-23,2025-09-23 14:41:25,002506.SZ,S,2.490,100
365,59.0,2025-09-23,2025-09-23 14:40:41,300189.SZ,B,4.320,400
366,59.0,2025-09-23,2025-09-23 14:40:21,002186.SZ,B,11.460,400
367,59.0,2025-09-23,2025-09-23 14:40:18,600330.SH,B,11.710,100
368,58.0,2025-09-23,2025-09-23 14:40:16,002632.SZ,B,10.120,100
369,59.0,2025-09-23,2025-09-23 14:40:16,601872.SH,S,8.670,200
370,59.0,2025-09-23,2025-09-23 14:40:16,601872.SH,S,8.670,600
371,58.0,2025-09-23,2025-09-23 14:40:14,603607.SH,B,23.120,100
372,58.0,2025-09-23,2025-09-23 14:40:13,002090.SZ,B,10.880,100
373,52.0,2025-09-23,2025-09-23 14:31:23,000750.SZ,B,4.430,200
374,61.0,2025-09-23,2025-09-23 14:38:57,002256.SZ,B,3.010,800
375,52.0,2025-09-23,2025-09-23 14:38:25,688221.SH,B,14.770,333
376,52.0,2025-09-23,2025-09-23 14:37:50,002156.SZ,B,33.850,100
377,59.0,2025-09-23,2025-09-23 14:38:20,002560.SZ,S,7.210,100
378,58.0,2025-09-23,2025-09-23 14:37:57,600340.SH,S,2.120,4100
379,52.0,2025-09-23,2025-09-23 14:37:49,002714.SZ,S,53.190,100
380,58.0,2025-09-23,2025-09-23 14:37:44,603051.SH,B,22.860,100
381,58.0,2025-09-23,2025-09-23 14:37:43,002899.SZ,B,20.400,400
382,58.0,2025-09-23,2025-09-23 14:37:36,002805.SZ,B,13.300,100
383,52.0,2025-09-23,2025-09-23 14:37:23,000837.SZ,B,13.980,400
384,52.0,2025-09-23,2025-09-23 14:37:12,601717.SH,S,25.020,100
385,52.0,2025-09-23,2025-09-23 14:37:17,300736.SZ,S,13.220,100
386,58.0,2025-09-23,2025-09-23 14:37:15,600595.SH,S,5.170,1800
387,52.0,2025-09-23,2025-09-23 14:31:19,000056.SZ,B,2.670,200
388,59.0,2025-09-23,2025-09-23 14:37:13,600192.SH,B,9.240,100
389,52.0,2025-09-23,2025-09-23 14:37:10,603809.SH,S,15.010,100
390,52.0,2025-09-23,2025-09-23 14:34:53,601218.SH,B,4.620,200
391,58.0,2025-09-23,2025-09-23 14:37:08,002354.SZ,S,6.960,100
392,58.0,2025-09-23,2025-09-23 14:37:09,002501.SZ,B,2.500,700
393,58.0,2025-09-23,2025-09-23 14:37:05,002971.SZ,B,31.170,100
394,52.0,2025-09-23,2025-09-23 14:36:03,002212.SZ,B,9.760,200
395,52.0,2025-09-23,2025-09-23 14:36:56,002448.SZ,S,10.920,100
396,58.0,2025-09-23,2025-09-23 14:36:54,000753.SZ,B,7.220,200
397,52.0,2025-09-23,2025-09-23 14:36:53,688221.SH,B,14.770,200
398,58.0,2025-09-23,2025-09-23 14:36:52,002871.SZ,B,16.680,100
399,58.0,2025-09-23,2025-09-23 14:36:52,601872.SH,S,8.660,1000
400,52.0,2025-09-23,2025-09-23 14:36:51,601872.SH,S,8.660,500
401,61.0,2025-09-23,2025-09-23 14:36:43,603229.SH,B,10.470,200
402,61.0,2025-09-23,2025-09-23 14:36:32,000931.SZ,S,5.010,100
403,52.0,2025-09-23,2025-09-23 14:34:33,000600.SZ,S,7.090,100
404,61.0,2025-09-23,2025-09-23 14:36:24,002445.SZ,S,2.680,100
405,58.0,2025-09-23,2025-09-23 14:36:18,002100.SZ,S,7.490,100
406,52.0,2025-09-23,2025-09-23 14:32:00,002516.SZ,S,6.280,200
407,58.0,2025-09-23,2025-09-23 14:36:06,600684.SH,S,5.850,100
408,52.0,2025-09-23,2025-09-23 14:35:17,002140.SZ,S,10.940,100
409,59.0,2025-09-23,2025-09-23 14:35:45,600452.SH,S,9.550,100
410,58.0,2025-09-23,2025-09-23 14:35:40,600751.SH,S,4.620,700
411,58.0,2025-09-23,2025-09-23 14:35:27,600722.SH,B,6.300,400
412,61.0,2025-09-23,2025-09-23 14:35:13,601975.SH,S,3.070,100
413,58.0,2025-09-23,2025-09-23 14:35:10,603229.SH,B,10.460,100
414,52.0,2025-09-23,2025-09-23 14:35:06,300252.SZ,S,15.060,100
415,52.0,2025-09-23,2025-09-23 14:34:57,002501.SZ,B,2.500,400
416,59.0,2025-09-23,2025-09-23 14:34:55,002899.SZ,B,20.390,100
417,59.0,2025-09-23,2025-09-23 14:34:55,000056.SZ,S,2.680,500
418,58.0,2025-09-23,2025-09-23 14:34:52,601218.SH,B,4.620,100
419,52.0,2025-09-23,2025-09-23 14:34:50,300164.SZ,B,5.220,200
420,58.0,2025-09-23,2025-09-23 14:34:47,002534.SZ,B,16.350,100
421,52.0,2025-09-23,2025-09-23 14:32:02,601975.SH,S,3.070,700
422,52.0,2025-09-23,2025-09-23 14:34:39,603829.SH,B,22.240,200
423,61.0,2025-09-23,2025-09-23 14:34:34,000757.SZ,S,5.280,100
424,61.0,2025-09-23,2025-09-23 14:34:33,603667.SH,B,47.230,100
425,58.0,2025-09-23,2025-09-23 14:34:23,300218.SZ,B,18.930,100
426,61.0,2025-09-23,2025-09-23 14:34:22,300218.SZ,B,18.930,100
427,61.0,2025-09-23,2025-09-23 14:34:21,603381.SH,B,24.260,200
428,61.0,2025-09-23,2025-09-23 14:34:21,603300.SH,B,9.480,400
429,61.0,2025-09-23,2025-09-23 14:34:20,603083.SH,S,113.210,100
430,61.0,2025-09-23,2025-09-23 14:34:13,000753.SZ,B,7.200,400
431,52.0,2025-09-23,2025-09-23 14:34:09,002741.SZ,B,21.530,200
432,58.0,2025-09-23,2025-09-23 14:34:06,603381.SH,B,24.250,100
433,52.0,2025-09-23,2025-09-23 14:34:01,300021.SZ,S,4.860,100
434,58.0,2025-09-23,2025-09-23 14:34:00,001223.SZ,S,52.140,100
435,61.0,2025-09-23,2025-09-23 14:34:00,001223.SZ,S,52.140,100
436,52.0,2025-09-23,2025-09-23 14:33:37,002545.SZ,S,12.980,100
437,52.0,2025-09-23,2025-09-23 14:33:31,601208.SH,B,21.790,400
438,58.0,2025-09-23,2025-09-23 14:33:47,002463.SZ,B,76.960,100
439,58.0,2025-09-23,2025-09-23 14:33:47,300435.SZ,S,20.670,800
440,61.0,2025-09-23,2025-09-23 14:33:44,603088.SH,B,11.530,100
441,61.0,2025-09-23,2025-09-23 14:33:38,300855.SZ,S,27.440,100
442,61.0,2025-09-23,2025-09-23 14:33:27,002090.SZ,B,10.870,100
443,59.0,2025-09-23,2025-09-23 14:33:27,600722.SH,B,6.280,100
444,61.0,2025-09-23,2025-09-23 14:33:27,600722.SH,B,6.280,500
445,61.0,2025-09-23,2025-09-23 14:33:20,600188.SH,S,13.750,100
446,52.0,2025-09-23,2025-09-23 14:33:05,002915.SZ,B,26.340,100
447,52.0,2025-09-23,2025-09-23 14:33:05,002915.SZ,B,26.340,100
448,61.0,2025-09-23,2025-09-23 14:33:13,000061.SZ,S,8.510,100
449,61.0,2025-09-23,2025-09-23 14:33:12,300164.SZ,B,5.210,400
450,61.0,2025-09-23,2025-09-23 14:33:10,300164.SZ,B,5.210,800
451,59.0,2025-09-23,2025-09-23 14:33:09,603300.SH,B,9.480,100
452,52.0,2025-09-23,2025-09-23 14:32:59,605287.SH,B,20.890,100
453,59.0,2025-09-23,2025-09-23 14:33:03,605287.SH,B,20.900,100
454,59.0,2025-09-23,2025-09-23 14:33:03,603381.SH,B,24.280,100
455,61.0,2025-09-23,2025-09-23 14:33:02,600595.SH,S,5.160,1300
456,52.0,2025-09-23,2025-09-23 14:33:02,002126.SZ,B,41.540,200
457,59.0,2025-09-23,2025-09-23 14:33:02,600595.SH,S,5.160,900
458,61.0,2025-09-23,2025-09-23 14:33:01,600693.SH,B,5.930,100
459,52.0,2025-09-23,2025-09-23 14:32:59,605287.SH,B,20.890,100
460,52.0,2025-09-23,2025-09-23 14:32:58,300559.SZ,S,14.720,100
461,59.0,2025-09-23,2025-09-23 14:32:58,600503.SH,S,3.300,100
462,52.0,2025-09-23,2025-09-23 14:31:19,601339.SH,S,5.420,100
463,59.0,2025-09-23,2025-09-23 14:32:56,600649.SH,S,4.650,100
464,52.0,2025-09-23,2025-09-23 14:32:54,300382.SZ,B,17.750,400
465,52.0,2025-09-23,2025-09-23 14:31:55,600595.SH,S,5.160,600
466,52.0,2025-09-23,2025-09-23 14:31:19,600052.SH,B,5.270,1400
467,61.0,2025-09-23,2025-09-23 14:32:44,002263.SZ,B,3.660,500
468,59.0,2025-09-23,2025-09-23 14:32:44,002263.SZ,B,3.660,100
469,58.0,2025-09-23,2025-09-23 14:32:39,300189.SZ,B,4.320,800
470,52.0,2025-09-23,2025-09-23 14:31:19,300189.SZ,B,4.320,200
471,61.0,2025-09-23,2025-09-23 14:32:33,002632.SZ,B,10.110,100
472,61.0,2025-09-23,2025-09-23 14:32:32,002374.SZ,B,2.810,900
473,61.0,2025-09-23,2025-09-23 14:32:32,002042.SZ,S,5.780,100
474,52.0,2025-09-23,2025-09-23 14:31:23,000926.SZ,B,2.600,1400
475,52.0,2025-09-23,2025-09-23 14:31:33,002707.SZ,B,7.480,1000
476,59.0,2025-09-23,2025-09-23 14:32:24,002431.SZ,B,2.410,100
477,58.0,2025-09-23,2025-09-23 14:32:24,002431.SZ,B,2.410,200
478,61.0,2025-09-23,2025-09-23 14:32:24,002431.SZ,B,2.410,400
479,61.0,2025-09-23,2025-09-23 14:32:21,000592.SZ,B,3.300,500
480,52.0,2025-09-23,2025-09-23 14:32:16,300602.SZ,B,33.840,300
481,52.0,2025-09-23,2025-09-23 14:32:16,300602.SZ,B,33.840,100
482,58.0,2025-09-23,2025-09-23 14:32:20,000592.SZ,B,3.300,100
483,58.0,2025-09-23,2025-09-23 14:32:20,000592.SZ,B,3.300,300
484,52.0,2025-09-23,2025-09-23 14:31:19,000592.SZ,B,3.300,200
485,52.0,2025-09-23,2025-09-23 14:31:19,000659.SZ,B,2.810,1400
486,58.0,2025-09-23,2025-09-23 14:32:15,600693.SH,B,5.940,100
487,52.0,2025-09-23,2025-09-23 14:31:19,002330.SZ,B,4.880,200
488,52.0,2025-09-23,2025-09-23 14:32:07,600366.SH,S,13.910,100
489,59.0,2025-09-23,2025-09-23 14:32:07,002501.SZ,B,2.500,400
490,61.0,2025-09-23,2025-09-23 14:32:02,002622.SZ,S,4.020,100
491,52.0,2025-09-23,2025-09-23 14:31:19,002622.SZ,S,4.020,300
492,58.0,2025-09-23,2025-09-23 14:32:01,300135.SZ,B,4.390,400
493,52.0,2025-09-23,2025-09-23 14:31:53,002871.SZ,B,16.690,100
494,52.0,2025-09-23,2025-09-23 14:31:53,002871.SZ,B,16.690,100
495,58.0,2025-09-23,2025-09-23 14:31:58,002248.SZ,B,10.230,100
496,61.0,2025-09-23,2025-09-23 14:31:57,600498.SH,S,27.770,400
497,52.0,2025-09-23,2025-09-23 14:31:26,000837.SZ,B,14.010,400
498,58.0,2025-09-23,2025-09-23 14:31:57,002263.SZ,B,3.670,200
499,52.0,2025-09-23,2025-09-23 14:31:26,000837.SZ,B,14.010,300
500,58.0,2025-09-23,2025-09-23 14:31:46,300575.SZ,S,6.530,100
501,52.0,2025-09-23,2025-09-23 14:31:47,000813.SZ,S,4.130,100
502,58.0,2025-09-23,2025-09-23 14:31:46,600601.SH,S,10.820,100
503,52.0,2025-09-23,2025-09-23 14:31:45,600601.SH,S,10.820,300
504,59.0,2025-09-23,2025-09-23 14:31:44,600498.SH,S,27.820,100
505,61.0,2025-09-23,2025-09-23 14:31:42,002501.SZ,B,2.500,500
506,52.0,2025-09-23,2025-09-23 14:31:36,603328.SH,B,12.200,200
507,52.0,2025-09-23,2025-09-23 14:31:21,002156.SZ,B,33.900,300
508,52.0,2025-09-23,2025-09-23 14:31:27,002186.SZ,B,11.450,400
509,61.0,2025-09-23,2025-09-23 14:31:23,002356.SZ,S,3.630,100
510,58.0,2025-09-23,2025-09-23 14:31:19,603285.SH,B,25.680,100
511,52.0,2025-09-23,2025-09-23 14:31:19,601333.SH,S,3.340,100
512,58.0,2025-09-23,2025-09-23 14:31:19,600498.SH,S,27.820,300
513,61.0,2025-09-23,2025-09-23 14:31:15,600601.SH,S,10.830,200
514,59.0,2025-09-23,2025-09-23 14:31:14,000592.SZ,B,3.310,100
515,58.0,2025-09-23,2025-09-23 14:31:10,603300.SH,B,9.490,200
516,61.0,2025-09-23,2025-09-23 14:28:25,002786.SZ,B,9.260,500
517,61.0,2025-09-23,2025-09-23 14:28:24,002186.SZ,B,11.430,900
518,61.0,2025-09-23,2025-09-23 14:28:17,002741.SZ,B,21.470,600
519,61.0,2025-09-23,2025-09-23 14:28:16,688349.SH,S,29.990,28
520,61.0,2025-09-23,2025-09-23 14:28:16,688349.SH,S,29.990,200
521,61.0,2025-09-23,2025-09-23 14:28:16,688349.SH,S,29.990,458
522,61.0,2025-09-23,2025-09-23 14:28:16,003029.SZ,B,23.810,500
523,61.0,2025-09-23,2025-09-23 14:28:15,600595.SH,S,5.140,400
524,61.0,2025-09-23,2025-09-23 14:28:15,600595.SH,S,5.140,100
525,61.0,2025-09-23,2025-09-23 14:28:15,600595.SH,S,5.140,100
526,61.0,2025-09-23,2025-09-23 14:28:15,600595.SH,S,5.140,200
527,52.0,2025-09-23,2025-09-23 14:28:13,000056.SZ,B,2.690,300
528,52.0,2025-09-23,2025-09-23 14:28:11,300435.SZ,S,20.630,100
529,52.0,2025-09-23,2025-09-23 14:28:11,300435.SZ,S,20.630,100
530,58.0,2025-09-23,2025-09-23 14:28:10,002431.SZ,B,2.410,300
531,58.0,2025-09-23,2025-09-23 14:28:10,002403.SZ,B,14.910,400
532,61.0,2025-09-23,2025-09-23 14:28:11,603667.SH,B,47.170,100
533,61.0,2025-09-23,2025-09-23 14:28:10,688349.SH,S,30.000,61
534,61.0,2025-09-23,2025-09-23 14:28:10,688349.SH,S,30.000,139
535,58.0,2025-09-23,2025-09-23 14:28:10,688349.SH,S,30.000,261
536,61.0,2025-09-23,2025-09-23 14:28:08,603150.SH,S,39.190,200
537,61.0,2025-09-23,2025-09-23 14:28:08,002156.SZ,B,33.900,600
538,61.0,2025-09-23,2025-09-23 14:28:08,688349.SH,S,30.000,195
539,61.0,2025-09-23,2025-09-23 14:28:07,300185.SZ,S,3.030,100
540,61.0,2025-09-23,2025-09-23 14:28:07,688349.SH,S,30.000,405
541,61.0,2025-09-23,2025-09-23 14:28:07,601339.SH,S,5.400,100
542,61.0,2025-09-23,2025-09-23 14:28:06,002627.SZ,B,6.370,400
543,61.0,2025-09-23,2025-09-23 14:28:06,002627.SZ,B,6.370,600
544,61.0,2025-09-23,2025-09-23 14:28:06,000677.SZ,S,4.890,100
545,61.0,2025-09-23,2025-09-23 14:28:07,001215.SZ,B,39.530,100
546,61.0,2025-09-23,2025-09-23 14:28:06,600188.SH,S,13.800,100
547,61.0,2025-09-23,2025-09-23 14:28:06,002356.SZ,S,3.590,100
548,61.0,2025-09-23,2025-09-23 14:28:07,600880.SH,S,4.860,100
549,61.0,2025-09-23,2025-09-23 14:28:06,603871.SH,S,14.140,900
550,61.0,2025-09-23,2025-09-23 14:28:04,601311.SH,S,10.630,100
551,61.0,2025-09-23,2025-09-23 14:28:02,600330.SH,B,11.670,500
552,61.0,2025-09-23,2025-09-23 14:28:02,002971.SZ,B,31.150,200
553,61.0,2025-09-23,2025-09-23 14:28:02,603871.SH,S,14.140,700
554,61.0,2025-09-23,2025-09-23 14:28:01,002915.SZ,B,26.240,900
555,58.0,2025-09-23,2025-09-23 14:28:00,002374.SZ,B,2.810,700
556,58.0,2025-09-23,2025-09-23 14:28:01,600330.SH,B,11.670,400
557,61.0,2025-09-23,2025-09-23 14:28:00,300435.SZ,S,20.620,100
558,61.0,2025-09-23,2025-09-23 14:28:00,300435.SZ,S,20.620,900
559,61.0,2025-09-23,2025-09-23 14:28:01,600684.SH,S,5.820,100
560,61.0,2025-09-23,2025-09-23 14:28:00,300435.SZ,S,20.620,200
561,59.0,2025-09-23,2025-09-23 14:27:59,002501.SZ,B,2.490,200
562,59.0,2025-09-23,2025-09-23 14:27:59,002501.SZ,B,2.490,200
563,61.0,2025-09-23,2025-09-23 14:28:00,002445.SZ,S,2.660,100
564,58.0,2025-09-23,2025-09-23 14:27:58,003029.SZ,B,23.790,200
565,59.0,2025-09-23,2025-09-23 14:27:58,605287.SH,B,20.890,100
566,61.0,2025-09-23,2025-09-23 14:27:58,002501.SZ,B,2.490,500
567,58.0,2025-09-23,2025-09-23 14:27:57,605287.SH,B,20.890,300
568,52.0,2025-09-23,2025-09-23 14:27:55,000659.SZ,B,2.810,500
569,52.0,2025-09-23,2025-09-23 14:27:55,000659.SZ,B,2.810,1000
570,58.0,2025-09-23,2025-09-23 14:27:55,300435.SZ,S,20.610,900
571,59.0,2025-09-23,2025-09-23 14:27:54,002741.SZ,B,21.450,100
572,59.0,2025-09-23,2025-09-23 14:27:54,002741.SZ,B,21.450,200
573,59.0,2025-09-23,2025-09-23 14:27:54,002741.SZ,B,21.450,100
574,59.0,2025-09-23,2025-09-23 14:27:52,688349.SH,S,30.000,108
575,58.0,2025-09-23,2025-09-23 14:27:50,002445.SZ,S,2.660,100
576,59.0,2025-09-23,2025-09-23 14:27:49,002445.SZ,S,2.660,100
577,59.0,2025-09-23,2025-09-23 14:27:49,688349.SH,S,30.000,92
578,52.0,2025-09-23,2025-09-23 14:27:48,600844.SH,S,2.890,100
579,59.0,2025-09-23,2025-09-23 14:27:46,000659.SZ,B,2.810,500
580,59.0,2025-09-23,2025-09-23 14:27:46,000659.SZ,B,2.810,100
581,59.0,2025-09-23,2025-09-23 14:27:46,000659.SZ,B,2.810,1200
582,59.0,2025-09-23,2025-09-23 14:27:37,300164.SZ,B,5.200,400
583,59.0,2025-09-23,2025-09-23 14:27:36,688349.SH,S,30.000,131
584,58.0,2025-09-23,2025-09-23 14:27:34,002786.SZ,B,9.250,400
585,59.0,2025-09-23,2025-09-23 14:27:34,688349.SH,S,30.000,69
586,58.0,2025-09-23,2025-09-23 14:27:26,000592.SZ,B,3.290,400
587,59.0,2025-09-23,2025-09-23 14:27:23,002915.SZ,B,26.190,200
588,52.0,2025-09-23,2025-09-23 14:27:12,000837.SZ,B,13.950,300
589,52.0,2025-09-23,2025-09-23 14:27:12,000926.SZ,B,2.600,1300
590,59.0,2025-09-23,2025-09-23 14:27:06,688349.SH,S,29.990,200
591,58.0,2025-09-23,2025-09-23 14:27:05,002506.SZ,S,2.470,100
592,61.0,2025-09-23,2025-09-23 14:27:05,002476.SZ,S,5.720,100
593,61.0,2025-09-23,2025-09-23 14:27:03,002126.SZ,B,41.220,100
594,59.0,2025-09-23,2025-09-23 14:26:48,300345.SZ,S,6.550,100
595,59.0,2025-09-23,2025-09-23 14:26:47,300189.SZ,B,4.310,400
596,52.0,2025-09-23,2025-09-23 14:26:19,000592.SZ,B,3.290,300
597,58.0,2025-09-23,2025-09-23 14:26:16,600192.SH,B,9.190,400
598,59.0,2025-09-23,2025-09-23 14:25:52,003029.SZ,B,23.720,100
599,58.0,2025-09-23,2025-09-23 14:25:50,300164.SZ,B,5.200,200
600,58.0,2025-09-23,2025-09-23 14:25:50,300164.SZ,B,5.200,100
601,58.0,2025-09-23,2025-09-23 14:25:50,300164.SZ,B,5.200,700
602,59.0,2025-09-23,2025-09-23 14:25:48,002186.SZ,B,11.410,500
603,61.0,2025-09-23,2025-09-23 14:25:46,600545.SH,S,2.910,100
604,58.0,2025-09-23,2025-09-23 14:25:43,002196.SZ,S,9.790,500
605,59.0,2025-09-23,2025-09-23 14:25:40,300435.SZ,S,20.580,500
606,52.0,2025-09-23,2025-09-23 14:25:33,002126.SZ,B,41.200,100
607,58.0,2025-09-23,2025-09-23 14:25:25,600684.SH,S,5.800,100
608,59.0,2025-09-23,2025-09-23 14:25:15,600722.SH,B,6.260,100
609,52.0,2025-09-23,2025-09-23 14:25:02,688349.SH,S,29.970,157
610,52.0,2025-09-23,2025-09-23 14:25:02,688349.SH,S,29.970,139
611,52.0,2025-09-23,2025-09-23 14:24:46,002156.SZ,B,33.630,100
612,58.0,2025-09-23,2025-09-23 14:25:00,300478.SZ,B,24.770,100
613,59.0,2025-09-23,2025-09-23 14:24:31,600884.SH,B,13.920,100
614,58.0,2025-09-23,2025-09-23 14:24:14,300189.SZ,B,4.300,800
615,58.0,2025-09-23,2025-09-23 14:24:13,300189.SZ,B,4.300,200
616,61.0,2025-09-23,2025-09-23 14:24:04,600722.SH,B,6.250,500
617,59.0,2025-09-23,2025-09-23 14:23:55,603829.SH,B,22.190,100
618,52.0,2025-09-23,2025-09-23 14:23:55,600011.SH,S,7.240,100
619,59.0,2025-09-23,2025-09-23 14:23:55,603150.SH,S,39.120,100
620,52.0,2025-09-23,2025-09-23 14:23:47,600941.SH,S,106.130,100
621,52.0,2025-09-23,2025-09-23 14:20:52,300189.SZ,B,4.290,300
622,59.0,2025-09-23,2025-09-23 14:23:35,603328.SH,B,12.110,500
623,59.0,2025-09-23,2025-09-23 14:23:35,002156.SZ,B,33.670,100
624,59.0,2025-09-23,2025-09-23 14:23:35,603871.SH,S,14.020,600
625,58.0,2025-09-23,2025-09-23 14:23:34,003029.SZ,B,23.730,100
626,58.0,2025-09-23,2025-09-23 14:23:33,003029.SZ,B,23.730,100
627,52.0,2025-09-23,2025-09-23 14:23:09,603766.SH,S,12.100,100
628,58.0,2025-09-23,2025-09-23 14:22:45,002627.SZ,B,6.360,400
629,58.0,2025-09-23,2025-09-23 14:22:43,002100.SZ,S,7.470,100
630,52.0,2025-09-23,2025-09-23 14:22:40,601208.SH,B,21.340,200
631,52.0,2025-09-23,2025-09-23 14:22:34,002115.SZ,B,10.910,800
632,58.0,2025-09-23,2025-09-23 14:22:41,600722.SH,B,6.250,400
633,52.0,2025-09-23,2025-09-23 14:22:34,002115.SZ,B,10.910,300
634,52.0,2025-09-23,2025-09-23 14:22:34,002115.SZ,B,10.910,200
635,58.0,2025-09-23,2025-09-23 14:22:38,603667.SH,B,47.100,100
636,52.0,2025-09-23,2025-09-23 14:22:37,002627.SZ,B,6.360,500
637,61.0,2025-09-23,2025-09-23 14:22:35,603192.SH,B,20.960,100
638,58.0,2025-09-23,2025-09-23 14:22:34,000813.SZ,S,4.100,100
639,58.0,2025-09-23,2025-09-23 14:22:34,002899.SZ,B,20.230,200
640,58.0,2025-09-23,2025-09-23 14:22:33,002938.SZ,B,60.850,100
641,52.0,2025-09-23,2025-09-23 14:18:38,000813.SZ,S,4.100,100
642,58.0,2025-09-23,2025-09-23 14:22:32,001215.SZ,B,39.360,100
643,58.0,2025-09-23,2025-09-23 14:22:31,300382.SZ,B,17.630,100
644,58.0,2025-09-23,2025-09-23 14:22:31,300382.SZ,B,17.630,200
645,58.0,2025-09-23,2025-09-23 14:22:31,603051.SH,B,22.730,100
646,58.0,2025-09-23,2025-09-23 14:22:30,603871.SH,S,14.010,1300
647,58.0,2025-09-23,2025-09-23 14:22:28,600052.SH,B,5.220,600
648,52.0,2025-09-23,2025-09-23 14:16:22,600052.SH,B,5.220,1300
649,59.0,2025-09-23,2025-09-23 14:22:25,002263.SZ,B,3.620,100
650,61.0,2025-09-23,2025-09-23 14:22:25,002263.SZ,B,3.620,500
651,58.0,2025-09-23,2025-09-23 14:22:22,688349.SH,S,30.030,157
652,58.0,2025-09-23,2025-09-23 14:22:21,300185.SZ,S,3.030,100
653,58.0,2025-09-23,2025-09-23 14:22:20,603285.SH,B,25.550,100
654,58.0,2025-09-23,2025-09-23 14:22:20,688349.SH,S,30.030,43
655,58.0,2025-09-23,2025-09-23 14:22:10,605287.SH,B,20.860,100
656,58.0,2025-09-23,2025-09-23 14:22:10,605287.SH,B,20.860,200
657,58.0,2025-09-23,2025-09-23 14:22:10,605287.SH,B,20.850,100
658,58.0,2025-09-23,2025-09-23 14:22:08,002534.SZ,B,16.260,100
659,58.0,2025-09-23,2025-09-23 14:22:07,688349.SH,S,30.030,222
660,58.0,2025-09-23,2025-09-23 14:22:04,688349.SH,S,30.030,178
661,52.0,2025-09-23,2025-09-23 14:22:01,002714.SZ,S,53.100,100
662,58.0,2025-09-23,2025-09-23 14:21:55,002090.SZ,B,10.800,100
663,59.0,2025-09-23,2025-09-23 14:21:52,002212.SZ,B,9.660,200
664,59.0,2025-09-23,2025-09-23 14:21:48,600452.SH,S,9.460,100
665,52.0,2025-09-23,2025-09-23 14:21:27,603809.SH,S,14.890,100
666,58.0,2025-09-23,2025-09-23 14:21:42,000753.SZ,B,7.110,300
667,58.0,2025-09-23,2025-09-23 14:21:39,002871.SZ,B,16.590,200
668,58.0,2025-09-23,2025-09-23 14:21:34,600595.SH,S,5.150,1900
669,52.0,2025-09-23,2025-09-23 14:21:24,002516.SZ,S,6.250,200
670,59.0,2025-09-23,2025-09-23 14:21:31,002484.SZ,B,31.800,100
671,58.0,2025-09-23,2025-09-23 14:21:27,002938.SZ,B,60.750,100
672,59.0,2025-09-23,2025-09-23 14:21:26,300736.SZ,S,13.120,300
673,61.0,2025-09-23,2025-09-23 14:21:25,300478.SZ,B,24.700,100
674,58.0,2025-09-23,2025-09-23 14:21:24,300736.SZ,S,13.120,600
675,52.0,2025-09-23,2025-09-23 14:21:24,300736.SZ,S,13.120,100
676,58.0,2025-09-23,2025-09-23 14:21:16,002501.SZ,B,2.480,200
677,58.0,2025-09-23,2025-09-23 14:21:16,002501.SZ,B,2.480,100
678,58.0,2025-09-23,2025-09-23 14:21:16,002501.SZ,B,2.480,100
679,58.0,2025-09-23,2025-09-23 14:21:16,002501.SZ,B,2.480,300
680,52.0,2025-09-23,2025-09-23 14:20:35,000837.SZ,B,13.840,400
681,61.0,2025-09-23,2025-09-23 14:21:14,600834.SH,S,8.490,100
682,58.0,2025-09-23,2025-09-23 14:21:13,300218.SZ,B,18.780,100
683,52.0,2025-09-23,2025-09-23 14:21:10,300559.SZ,S,14.510,100
684,52.0,2025-09-23,2025-09-23 14:20:36,300382.SZ,B,17.570,200
685,52.0,2025-09-23,2025-09-23 14:21:11,600366.SH,S,13.790,100
686,58.0,2025-09-23,2025-09-23 14:21:10,002971.SZ,B,31.040,100
687,58.0,2025-09-23,2025-09-23 14:21:10,601958.SH,S,14.510,100
688,61.0,2025-09-23,2025-09-23 14:21:09,600721.SH,S,9.120,100
689,61.0,2025-09-23,2025-09-23 14:21:09,600769.SH,S,10.430,100
690,58.0,2025-09-23,2025-09-23 14:21:07,603278.SH,S,10.800,100
691,59.0,2025-09-23,2025-09-23 14:21:07,002174.SZ,S,11.200,100
692,58.0,2025-09-23,2025-09-23 14:21:06,601975.SH,S,3.060,100
693,52.0,2025-09-23,2025-09-23 14:20:39,002156.SZ,B,33.690,100
694,52.0,2025-09-23,2025-09-23 14:20:56,002126.SZ,B,41.190,100
695,58.0,2025-09-23,2025-09-23 14:20:56,300135.SZ,B,4.360,400
696,52.0,2025-09-23,2025-09-23 14:20:53,601218.SH,B,4.580,300
697,58.0,2025-09-23,2025-09-23 14:20:53,601218.SH,B,4.580,100
698,61.0,2025-09-23,2025-09-23 14:20:51,603229.SH,B,10.410,200
699,61.0,2025-09-23,2025-09-23 14:20:50,300725.SZ,B,40.120,100
700,58.0,2025-09-23,2025-09-23 14:20:48,000017.SZ,S,6.570,100
701,58.0,2025-09-23,2025-09-23 14:20:47,002805.SZ,B,13.190,200
702,61.0,2025-09-23,2025-09-23 14:20:46,601333.SH,S,3.340,100
703,52.0,2025-09-23,2025-09-23 14:20:43,300164.SZ,B,5.190,300
704,52.0,2025-09-23,2025-09-23 14:20:19,002140.SZ,S,10.900,100
705,58.0,2025-09-23,2025-09-23 14:20:40,603381.SH,B,24.120,200
706,52.0,2025-09-23,2025-09-23 14:20:39,300382.SZ,B,17.590,300
707,58.0,2025-09-23,2025-09-23 14:20:37,300725.SZ,B,40.120,100
708,61.0,2025-09-23,2025-09-23 14:20:36,300218.SZ,B,18.790,100
709,61.0,2025-09-23,2025-09-23 14:20:33,002552.SZ,S,16.050,100
710,52.0,2025-09-23,2025-09-23 14:19:24,600595.SH,S,5.150,700
711,59.0,2025-09-23,2025-09-23 14:20:32,002786.SZ,B,9.190,100
712,58.0,2025-09-23,2025-09-23 14:20:29,600693.SH,B,5.920,100
713,61.0,2025-09-23,2025-09-23 14:20:23,600693.SH,B,5.920,100
714,61.0,2025-09-23,2025-09-23 14:20:18,002484.SZ,B,31.800,200
715,61.0,2025-09-23,2025-09-23 14:20:18,688510.SH,S,25.080,240
716,59.0,2025-09-23,2025-09-23 14:20:18,000926.SZ,B,2.600,1600
717,61.0,2025-09-23,2025-09-23 14:20:18,000926.SZ,B,2.600,1900
718,52.0,2025-09-23,2025-09-23 14:18:34,002545.SZ,S,12.990,100
719,61.0,2025-09-23,2025-09-23 14:20:14,002431.SZ,B,2.400,400
720,58.0,2025-09-23,2025-09-23 14:20:11,300485.SZ,S,11.440,100
721,52.0,2025-09-23,2025-09-23 14:20:10,000933.SZ,S,18.950,100
722,52.0,2025-09-23,2025-09-23 14:18:18,000600.SZ,S,7.070,100
723,58.0,2025-09-23,2025-09-23 14:19:59,688510.SH,S,25.050,211
724,61.0,2025-09-23,2025-09-23 14:19:56,000061.SZ,S,8.430,100
725,58.0,2025-09-23,2025-09-23 14:19:51,002476.SZ,S,5.710,100
726,52.0,2025-09-23,2025-09-23 14:19:50,605287.SH,B,20.860,100
727,52.0,2025-09-23,2025-09-23 14:19:50,605287.SH,B,20.860,200
728,52.0,2025-09-23,2025-09-23 14:18:33,002236.SZ,S,19.440,200
729,52.0,2025-09-23,2025-09-23 14:19:39,603829.SH,B,22.100,300
730,61.0,2025-09-23,2025-09-23 14:19:39,603667.SH,B,47.000,100
731,61.0,2025-09-23,2025-09-23 14:19:38,301015.SZ,S,27.480,100
732,61.0,2025-09-23,2025-09-23 14:19:35,002196.SZ,S,9.780,600
733,58.0,2025-09-23,2025-09-23 14:19:35,603607.SH,B,23.000,200
734,59.0,2025-09-23,2025-09-23 14:19:34,002196.SZ,S,9.780,300
735,52.0,2025-09-23,2025-09-23 14:19:33,002317.SZ,B,17.600,800
736,58.0,2025-09-23,2025-09-23 14:19:22,300602.SZ,B,33.610,400
737,61.0,2025-09-23,2025-09-23 14:19:21,002186.SZ,B,11.400,700
738,58.0,2025-09-23,2025-09-23 14:19:17,300575.SZ,S,6.470,100
739,52.0,2025-09-23,2025-09-23 14:18:17,002707.SZ,B,7.450,1000
740,58.0,2025-09-23,2025-09-23 14:19:16,300435.SZ,S,20.670,900
741,61.0,2025-09-23,2025-09-23 14:19:15,300189.SZ,B,4.280,1200
742,59.0,2025-09-23,2025-09-23 14:19:14,002899.SZ,B,20.200,100
743,52.0,2025-09-23,2025-09-23 14:19:13,300435.SZ,S,20.670,500
744,61.0,2025-09-23,2025-09-23 14:19:10,002741.SZ,B,21.300,400
745,58.0,2025-09-23,2025-09-23 14:19:10,002622.SZ,S,3.990,100
746,61.0,2025-09-23,2025-09-23 14:19:06,300595.SZ,S,16.630,100
747,61.0,2025-09-23,2025-09-23 14:18:57,002774.SZ,S,10.120,100
748,58.0,2025-09-23,2025-09-23 14:18:56,603098.SH,S,14.170,100
749,58.0,2025-09-23,2025-09-23 14:18:49,002484.SZ,B,31.810,200
750,61.0,2025-09-23,2025-09-23 14:18:47,002373.SZ,S,10.980,200
751,58.0,2025-09-23,2025-09-23 14:18:47,603613.SH,S,29.310,100
752,58.0,2025-09-23,2025-09-23 14:18:42,603186.SH,S,42.070,100
753,61.0,2025-09-23,2025-09-23 14:18:38,002284.SZ,S,12.850,100
754,59.0,2025-09-23,2025-09-23 14:18:37,002560.SZ,S,7.170,100
755,58.0,2025-09-23,2025-09-23 14:18:36,601872.SH,S,8.660,100
756,58.0,2025-09-23,2025-09-23 14:18:36,002448.SZ,S,10.830,100
757,52.0,2025-09-23,2025-09-23 14:18:36,600601.SH,S,10.690,300
758,52.0,2025-09-23,2025-09-23 14:18:36,002448.SZ,S,10.830,100
759,61.0,2025-09-23,2025-09-23 14:18:37,600498.SH,S,27.660,200
760,61.0,2025-09-23,2025-09-23 14:18:37,600498.SH,S,27.660,100
761,52.0,2025-09-23,2025-09-23 14:18:15,002741.SZ,B,21.310,300
762,58.0,2025-09-23,2025-09-23 14:18:33,600601.SH,S,10.710,200
763,59.0,2025-09-23,2025-09-23 14:18:31,600498.SH,S,27.640,100
764,61.0,2025-09-23,2025-09-23 14:18:30,300009.SZ,S,10.020,100
765,59.0,2025-09-23,2025-09-23 14:18:29,603300.SH,B,9.450,100
766,61.0,2025-09-23,2025-09-23 14:18:28,600192.SH,B,9.140,500
767,52.0,2025-09-23,2025-09-23 14:17:55,002330.SZ,B,4.840,300
768,61.0,2025-09-23,2025-09-23 14:18:26,002090.SZ,B,10.770,100
769,61.0,2025-09-23,2025-09-23 14:18:25,002858.SZ,S,15.020,100
770,52.0,2025-09-23,2025-09-23 14:18:17,002501.SZ,B,2.480,500
771,59.0,2025-09-23,2025-09-23 14:18:10,600330.SH,B,11.580,100
772,61.0,2025-09-23,2025-09-23 14:18:10,000010.SZ,S,4.280,100
773,59.0,2025-09-23,2025-09-23 14:18:09,000056.SZ,S,2.660,500
774,52.0,2025-09-23,2025-09-23 14:16:21,601339.SH,S,5.390,100
775,61.0,2025-09-23,2025-09-23 14:18:07,002622.SZ,S,3.970,100
776,52.0,2025-09-23,2025-09-23 14:17:24,002622.SZ,S,3.970,300
777,61.0,2025-09-23,2025-09-23 14:18:05,000931.SZ,S,4.980,100
778,59.0,2025-09-23,2025-09-23 14:17:56,002403.SZ,B,14.770,100
779,58.0,2025-09-23,2025-09-23 14:17:56,603058.SH,S,9.600,100
780,61.0,2025-09-23,2025-09-23 14:17:54,603051.SH,B,22.670,200
781,58.0,2025-09-23,2025-09-23 14:17:52,002248.SZ,B,10.130,100
782,52.0,2025-09-23,2025-09-23 14:17:51,002212.SZ,B,9.650,300
783,59.0,2025-09-23,2025-09-23 14:17:50,600192.SH,B,9.130,100
784,61.0,2025-09-23,2025-09-23 14:17:48,603083.SH,S,112.420,100
785,58.0,2025-09-23,2025-09-23 14:17:42,600366.SH,S,13.770,100
786,58.0,2025-09-23,2025-09-23 14:17:42,002186.SZ,B,11.400,1100
787,58.0,2025-09-23,2025-09-23 14:17:42,688349.SH,S,29.970,400
788,52.0,2025-09-23,2025-09-23 14:17:41,688349.SH,S,29.970,200
789,61.0,2025-09-23,2025-09-23 14:17:41,600595.SH,S,5.140,1300
790,59.0,2025-09-23,2025-09-23 14:17:41,600595.SH,S,5.140,900
791,59.0,2025-09-23,2025-09-23 14:17:41,601018.SH,S,3.800,100
792,61.0,2025-09-23,2025-09-23 14:17:38,002632.SZ,B,10.030,100
793,58.0,2025-09-23,2025-09-23 14:17:37,002632.SZ,B,10.030,100
794,58.0,2025-09-23,2025-09-23 14:17:33,600171.SH,B,35.550,100
795,58.0,2025-09-23,2025-09-23 14:17:33,002558.SZ,S,42.550,100
796,52.0,2025-09-23,2025-09-23 14:17:14,603328.SH,B,12.000,300
797,52.0,2025-09-23,2025-09-23 14:17:28,300252.SZ,S,14.840,100
798,61.0,2025-09-23,2025-09-23 14:17:28,002805.SZ,B,13.150,300
799,61.0,2025-09-23,2025-09-23 14:17:27,002805.SZ,B,13.150,100
800,52.0,2025-09-23,2025-09-23 14:17:25,002186.SZ,B,11.400,500
801,59.0,2025-09-23,2025-09-23 14:17:25,000592.SZ,B,3.280,100
802,52.0,2025-09-23,2025-09-23 14:17:21,000837.SZ,B,13.820,600
803,52.0,2025-09-23,2025-09-23 14:17:22,601975.SH,S,3.050,100
804,52.0,2025-09-23,2025-09-23 14:17:21,002871.SZ,B,16.530,300
805,58.0,2025-09-23,2025-09-23 14:17:21,002772.SZ,S,9.550,100
806,58.0,2025-09-23,2025-09-23 14:17:21,000882.SZ,S,2.040,100
807,61.0,2025-09-23,2025-09-23 14:17:20,002506.SZ,S,2.460,100
808,61.0,2025-09-23,2025-09-23 14:17:20,000813.SZ,S,4.090,100
809,61.0,2025-09-23,2025-09-23 14:17:20,601975.SH,S,3.050,200
810,59.0,2025-09-23,2025-09-23 14:17:20,002506.SZ,S,2.460,100
811,59.0,2025-09-23,2025-09-23 14:17:20,601975.SH,S,3.050,100
812,61.0,2025-09-23,2025-09-23 14:17:19,000757.SZ,S,5.230,100
813,58.0,2025-09-23,2025-09-23 14:17:18,301125.SZ,S,20.170,100
814,58.0,2025-09-23,2025-09-23 14:17:16,002256.SZ,B,2.990,1200
815,52.0,2025-09-23,2025-09-23 14:16:21,601333.SH,S,3.330,100
816,61.0,2025-09-23,2025-09-23 14:17:13,002803.SZ,S,18.100,100
817,58.0,2025-09-23,2025-09-23 14:17:11,002886.SZ,S,22.550,100
818,61.0,2025-09-23,2025-09-23 14:17:05,603680.SH,S,12.280,100
819,58.0,2025-09-23,2025-09-23 14:17:01,002126.SZ,B,41.130,100
820,61.0,2025-09-23,2025-09-23 14:17:00,002042.SZ,S,5.710,100
821,61.0,2025-09-23,2025-09-23 14:17:00,300138.SZ,S,12.660,100
822,61.0,2025-09-23,2025-09-23 14:16:56,002936.SZ,S,2.020,100
823,61.0,2025-09-23,2025-09-23 14:16:55,601518.SH,S,2.710,100
824,59.0,2025-09-23,2025-09-23 14:16:54,002317.SZ,B,17.570,300
825,59.0,2025-09-23,2025-09-23 14:16:54,002317.SZ,B,17.570,200
826,61.0,2025-09-23,2025-09-23 14:16:54,002448.SZ,S,10.810,100
827,52.0,2025-09-23,2025-09-23 14:16:35,601208.SH,B,21.330,300
828,58.0,2025-09-23,2025-09-23 14:16:47,600206.SH,B,19.820,200
829,58.0,2025-09-23,2025-09-23 14:16:41,600498.SH,S,27.440,300
830,52.0,2025-09-23,2025-09-23 14:16:37,002126.SZ,B,41.130,300
831,58.0,2025-09-23,2025-09-23 14:16:36,603229.SH,B,10.370,100
832,61.0,2025-09-23,2025-09-23 14:16:35,300435.SZ,S,20.660,200
833,61.0,2025-09-23,2025-09-23 14:16:34,600795.SH,S,5.050,100
834,59.0,2025-09-23,2025-09-23 14:16:33,603381.SH,B,24.040,100
835,61.0,2025-09-23,2025-09-23 14:16:30,603300.SH,B,9.420,500
836,61.0,2025-09-23,2025-09-23 14:16:30,000592.SZ,B,3.280,400
837,61.0,2025-09-23,2025-09-23 14:16:30,000592.SZ,B,3.280,100
838,61.0,2025-09-23,2025-09-23 14:16:30,002403.SZ,B,14.740,500
839,59.0,2025-09-23,2025-09-23 14:16:30,300435.SZ,S,20.660,300
840,58.0,2025-09-23,2025-09-23 14:16:29,002575.SZ,S,8.190,100
841,61.0,2025-09-23,2025-09-23 14:16:29,603381.SH,B,24.040,200
842,61.0,2025-09-23,2025-09-23 14:16:29,600206.SH,B,19.830,200
843,61.0,2025-09-23,2025-09-23 14:16:30,300435.SZ,S,20.660,600
844,61.0,2025-09-23,2025-09-23 14:16:29,603871.SH,S,14.110,1300
845,59.0,2025-09-23,2025-09-23 14:16:29,603871.SH,S,14.110,600
846,52.0,2025-09-23,2025-09-23 14:16:27,002156.SZ,B,33.530,300
847,58.0,2025-09-23,2025-09-23 14:16:25,300658.SZ,S,8.120,100
848,52.0,2025-09-23,2025-09-23 14:16:21,002915.SZ,B,25.970,300
849,58.0,2025-09-23,2025-09-23 14:16:23,002418.SZ,S,4.490,100
850,61.0,2025-09-23,2025-09-23 14:16:23,002055.SZ,S,7.830,100
851,52.0,2025-09-23,2025-09-23 14:16:21,603871.SH,S,14.090,700
852,52.0,2025-09-23,2025-09-23 14:16:21,301161.SZ,S,41.210,100
853,59.0,2025-09-23,2025-09-23 14:16:22,600649.SH,S,4.620,100
854,59.0,2025-09-23,2025-09-23 14:16:19,600503.SH,S,3.280,100
855,58.0,2025-09-23,2025-09-23 14:16:18,603150.SH,S,39.100,100
856,58.0,2025-09-23,2025-09-23 14:16:18,603150.SH,S,39.100,100
857,59.0,2025-09-23,2025-09-23 14:16:16,002374.SZ,B,2.800,400
858,58.0,2025-09-23,2025-09-23 14:16:16,300345.SZ,S,6.520,100
859,61.0,2025-09-23,2025-09-23 14:16:15,002374.SZ,B,2.800,1000
860,61.0,2025-09-23,2025-09-23 14:16:15,600601.SH,S,10.660,200
861,61.0,2025-09-23,2025-09-23 14:16:15,002842.SZ,S,9.980,100
862,59.0,2025-09-23,2025-09-23 14:16:15,600601.SH,S,10.660,100
863,61.0,2025-09-23,2025-09-23 14:16:14,600395.SH,S,5.260,100
864,58.0,2025-09-23,2025-09-23 14:16:13,603300.SH,B,9.420,300
865,58.0,2025-09-23,2025-09-23 14:16:12,002436.SZ,S,22.580,100
866,58.0,2025-09-23,2025-09-23 14:16:12,002263.SZ,B,3.620,300
867,58.0,2025-09-23,2025-09-23 14:16:11,603871.SH,S,14.090,1200
868,61.0,2025-09-23,2025-09-23 14:13:21,001215.SZ,B,39.110,100
869,61.0,2025-09-23,2025-09-23 14:13:20,002501.SZ,B,2.480,500
870,61.0,2025-09-23,2025-09-23 14:13:14,002506.SZ,S,2.450,100
871,61.0,2025-09-23,2025-09-23 14:13:13,601333.SH,S,3.320,100
872,61.0,2025-09-23,2025-09-23 14:13:12,300218.SZ,B,18.680,100
873,58.0,2025-09-23,2025-09-23 14:13:06,605287.SH,B,20.810,20
874,58.0,2025-09-23,2025-09-23 14:13:06,605287.SH,B,20.810,100
875,58.0,2025-09-23,2025-09-23 14:13:06,605287.SH,B,20.810,80
876,61.0,2025-09-23,2025-09-23 14:13:04,300736.SZ,S,13.060,600
877,61.0,2025-09-23,2025-09-23 14:13:05,603829.SH,B,22.040,600
878,61.0,2025-09-23,2025-09-23 14:13:04,300736.SZ,S,13.060,200
879,61.0,2025-09-23,2025-09-23 14:13:04,002786.SZ,B,9.170,600
880,61.0,2025-09-23,2025-09-23 14:13:03,300164.SZ,B,5.170,1200
881,61.0,2025-09-23,2025-09-23 14:13:03,603083.SH,S,112.120,100
882,61.0,2025-09-23,2025-09-23 14:13:03,600722.SH,B,6.210,500
883,61.0,2025-09-23,2025-09-23 14:13:02,600967.SH,S,18.400,100
884,61.0,2025-09-23,2025-09-23 14:13:01,003029.SZ,B,23.630,500
885,61.0,2025-09-23,2025-09-23 14:13:00,600684.SH,S,5.850,100
886,61.0,2025-09-23,2025-09-23 14:13:00,603950.SH,S,35.800,300
887,61.0,2025-09-23,2025-09-23 14:13:00,002936.SZ,S,2.010,100
888,61.0,2025-09-23,2025-09-23 14:13:00,002558.SZ,S,42.190,200
889,58.0,2025-09-23,2025-09-23 14:12:57,603285.SH,B,25.420,100
890,58.0,2025-09-23,2025-09-23 14:12:57,600330.SH,B,11.520,300
891,58.0,2025-09-23,2025-09-23 14:12:53,300736.SZ,S,13.080,100
892,58.0,2025-09-23,2025-09-23 14:12:51,002786.SZ,B,9.170,300
893,58.0,2025-09-23,2025-09-23 14:12:52,300736.SZ,S,13.080,200
894,58.0,2025-09-23,2025-09-23 14:12:50,300736.SZ,S,13.080,100
895,58.0,2025-09-23,2025-09-23 14:12:49,300736.SZ,S,13.080,100
896,58.0,2025-09-23,2025-09-23 14:12:49,300736.SZ,S,13.080,100
897,58.0,2025-09-23,2025-09-23 14:12:49,300736.SZ,S,13.080,100
898,52.0,2025-09-23,2025-09-23 14:12:37,300736.SZ,S,13.080,100
899,58.0,2025-09-23,2025-09-23 14:12:16,002805.SZ,B,13.110,200
900,58.0,2025-09-23,2025-09-23 14:12:16,300575.SZ,S,6.440,100
901,59.0,2025-09-23,2025-09-23 14:12:02,600722.SH,B,6.210,100
902,59.0,2025-09-23,2025-09-23 14:11:36,002506.SZ,S,2.450,100
903,58.0,2025-09-23,2025-09-23 14:11:36,002374.SZ,B,2.800,600
904,58.0,2025-09-23,2025-09-23 14:11:30,000882.SZ,S,2.040,100
905,58.0,2025-09-23,2025-09-23 14:11:10,601218.SH,B,4.560,100
906,52.0,2025-09-23,2025-09-23 14:07:25,601218.SH,B,4.560,200
907,58.0,2025-09-23,2025-09-23 14:10:44,600693.SH,B,5.900,100
908,52.0,2025-09-23,2025-09-23 14:02:15,000056.SZ,B,2.660,200
909,58.0,2025-09-23,2025-09-23 14:10:35,002354.SZ,S,6.810,100
910,59.0,2025-09-23,2025-09-23 14:10:31,002501.SZ,B,2.470,400
911,52.0,2025-09-23,2025-09-23 14:10:28,603809.SH,S,14.750,100
912,52.0,2025-09-23,2025-09-23 14:09:32,002186.SZ,B,11.390,400
913,58.0,2025-09-23,2025-09-23 14:09:58,603903.SH,S,10.800,500
914,59.0,2025-09-23,2025-09-23 14:09:32,600330.SH,B,11.510,100
915,58.0,2025-09-23,2025-09-23 14:09:16,000753.SZ,B,7.080,300
916,59.0,2025-09-23,2025-09-23 14:09:03,002174.SZ,S,11.140,100
917,59.0,2025-09-23,2025-09-23 14:08:48,300382.SZ,B,17.510,100
918,58.0,2025-09-23,2025-09-23 14:08:42,601975.SH,S,3.050,100
919,58.0,2025-09-23,2025-09-23 14:08:34,300164.SZ,B,5.150,800
920,52.0,2025-09-23,2025-09-23 14:08:20,300164.SZ,B,5.150,200
921,61.0,2025-09-23,2025-09-23 14:08:31,002476.SZ,S,5.680,100
922,58.0,2025-09-23,2025-09-23 14:08:25,002174.SZ,S,11.130,100
923,58.0,2025-09-23,2025-09-23 14:08:20,002858.SZ,S,14.920,100
924,61.0,2025-09-23,2025-09-23 14:08:03,002622.SZ,S,3.950,100
925,52.0,2025-09-23,2025-09-23 14:07:07,002545.SZ,S,12.950,100
926,52.0,2025-09-23,2025-09-23 14:07:51,002115.SZ,B,10.840,700
927,52.0,2025-09-23,2025-09-23 14:07:51,002115.SZ,B,10.840,700
928,59.0,2025-09-23,2025-09-23 14:07:51,002915.SZ,B,25.970,200
929,59.0,2025-09-23,2025-09-23 14:07:49,300164.SZ,B,5.160,400
930,59.0,2025-09-23,2025-09-23 14:07:47,603950.SH,S,35.610,100
931,58.0,2025-09-23,2025-09-23 14:07:45,001215.SZ,B,39.380,100
932,58.0,2025-09-23,2025-09-23 14:07:45,002627.SZ,B,6.340,300
933,58.0,2025-09-23,2025-09-23 14:07:44,603950.SH,S,35.600,200
934,59.0,2025-09-23,2025-09-23 14:07:36,300736.SZ,S,13.140,100
935,59.0,2025-09-23,2025-09-23 14:07:36,300736.SZ,S,13.140,200
936,52.0,2025-09-23,2025-09-23 14:07:33,002627.SZ,B,6.340,400
937,58.0,2025-09-23,2025-09-23 14:07:31,300218.SZ,B,18.690,100
938,52.0,2025-09-23,2025-09-23 14:07:26,002871.SZ,B,16.470,200
939,61.0,2025-09-23,2025-09-23 14:07:23,000757.SZ,S,5.170,100
940,61.0,2025-09-23,2025-09-23 14:07:23,603192.SH,B,20.870,100
941,58.0,2025-09-23,2025-09-23 14:07:16,002622.SZ,S,3.960,100
942,61.0,2025-09-23,2025-09-23 14:07:11,600052.SH,B,5.220,300
943,61.0,2025-09-23,2025-09-23 14:07:11,600052.SH,B,5.220,300
944,58.0,2025-09-23,2025-09-23 14:07:11,600052.SH,B,5.220,400
945,58.0,2025-09-23,2025-09-23 14:07:11,600052.SH,B,5.220,200
946,58.0,2025-09-23,2025-09-23 14:07:11,600052.SH,B,5.220,400
947,58.0,2025-09-23,2025-09-23 14:07:11,600052.SH,B,5.220,300
948,52.0,2025-09-23,2025-09-23 14:07:09,002714.SZ,S,53.010,100
949,59.0,2025-09-23,2025-09-23 14:07:06,600475.SH,S,15.470,100
950,58.0,2025-09-23,2025-09-23 14:07:04,600192.SH,B,9.120,300
951,58.0,2025-09-23,2025-09-23 14:07:00,600722.SH,B,6.220,300
952,61.0,2025-09-23,2025-09-23 14:06:57,300009.SZ,S,10.000,100
953,52.0,2025-09-23,2025-09-23 14:05:31,002707.SZ,B,7.460,1200
954,58.0,2025-09-23,2025-09-23 14:06:42,002196.SZ,S,9.750,400
955,58.0,2025-09-23,2025-09-23 14:06:34,002534.SZ,B,16.120,100
956,58.0,2025-09-23,2025-09-23 14:06:32,002090.SZ,B,10.730,100
957,52.0,2025-09-23,2025-09-23 14:05:50,000837.SZ,B,13.810,600
958,58.0,2025-09-23,2025-09-23 14:06:18,002463.SZ,B,75.300,100
959,58.0,2025-09-23,2025-09-23 14:06:16,605287.SH,B,20.820,100
960,58.0,2025-09-23,2025-09-23 14:06:16,605287.SH,B,20.820,100
961,58.0,2025-09-23,2025-09-23 14:06:16,605287.SH,B,20.820,200
962,58.0,2025-09-23,2025-09-23 14:06:13,002772.SZ,S,9.530,100
963,58.0,2025-09-23,2025-09-23 14:06:11,603186.SH,S,41.880,100
964,58.0,2025-09-23,2025-09-23 14:06:11,603186.SH,S,41.880,100
965,58.0,2025-09-23,2025-09-23 14:06:11,603186.SH,S,41.880,300
966,58.0,2025-09-23,2025-09-23 14:06:05,002558.SZ,S,42.270,100
967,52.0,2025-09-23,2025-09-23 14:06:05,300021.SZ,S,4.810,100
968,52.0,2025-09-23,2025-09-23 14:06:05,002558.SZ,S,42.270,100
969,58.0,2025-09-23,2025-09-23 14:06:02,300135.SZ,B,4.340,400
970,61.0,2025-09-23,2025-09-23 14:06:02,600545.SH,S,2.900,100
971,58.0,2025-09-23,2025-09-23 14:06:00,000659.SZ,B,2.790,1100
972,52.0,2025-09-23,2025-09-23 14:01:19,000659.SZ,B,2.790,1700
973,58.0,2025-09-23,2025-09-23 14:05:50,600171.SH,B,35.510,100
974,61.0,2025-09-23,2025-09-23 14:05:49,600192.SH,B,9.130,500
975,59.0,2025-09-23,2025-09-23 14:05:44,600452.SH,S,9.380,100
976,58.0,2025-09-23,2025-09-23 14:05:39,002100.SZ,S,7.450,100
977,52.0,2025-09-23,2025-09-23 14:05:16,000926.SZ,B,2.580,1400
978,58.0,2025-09-23,2025-09-23 14:05:35,000926.SZ,B,2.580,2300
979,58.0,2025-09-23,2025-09-23 14:05:30,002501.SZ,B,2.480,600
980,52.0,2025-09-23,2025-09-23 14:02:22,002501.SZ,B,2.480,400
981,61.0,2025-09-23,2025-09-23 14:05:25,002774.SZ,S,10.090,100
982,61.0,2025-09-23,2025-09-23 14:05:24,600721.SH,S,9.100,100
983,58.0,2025-09-23,2025-09-23 14:05:18,002886.SZ,S,22.520,100
984,61.0,2025-09-23,2025-09-23 14:05:18,002090.SZ,B,10.740,100
985,58.0,2025-09-23,2025-09-23 14:05:16,601872.SH,S,8.620,100
986,59.0,2025-09-23,2025-09-23 14:05:09,000813.SZ,S,4.090,100
987,61.0,2025-09-23,2025-09-23 14:05:09,000813.SZ,S,4.090,100
988,58.0,2025-09-23,2025-09-23 14:05:09,000813.SZ,S,4.090,100
989,52.0,2025-09-23,2025-09-23 14:04:12,000813.SZ,S,4.090,100
990,61.0,2025-09-23,2025-09-23 14:05:03,002284.SZ,S,12.850,100
991,58.0,2025-09-23,2025-09-23 14:04:59,603098.SH,S,14.160,100
992,52.0,2025-09-23,2025-09-23 14:02:06,002140.SZ,S,10.850,100
993,58.0,2025-09-23,2025-09-23 14:04:52,002632.SZ,B,10.050,100
994,58.0,2025-09-23,2025-09-23 14:04:52,603328.SH,B,11.960,300
995,58.0,2025-09-23,2025-09-23 14:04:49,300658.SZ,S,8.140,100
996,52.0,2025-09-23,2025-09-23 14:04:46,002317.SZ,B,17.570,900
997,58.0,2025-09-23,2025-09-23 14:04:46,300478.SZ,B,24.720,100
998,58.0,2025-09-23,2025-09-23 14:04:37,300905.SZ,S,38.600,100
999,52.0,2025-09-23,2025-09-23 14:02:51,601339.SH,S,5.390,100
1000,52.0,2025-09-23,2025-09-23 14:04:12,002741.SZ,B,21.220,200
1001,61.0,2025-09-23,2025-09-23 14:04:12,600052.SH,B,5.230,600
1002,58.0,2025-09-23,2025-09-23 14:04:09,600052.SH,B,5.230,1800
1003,52.0,2025-09-23,2025-09-23 14:01:19,600052.SH,B,5.230,1400
1004,61.0,2025-09-23,2025-09-23 14:04:08,002803.SZ,S,18.120,100
1005,61.0,2025-09-23,2025-09-23 14:04:06,601208.SH,B,21.340,200
1006,59.0,2025-09-23,2025-09-23 14:04:05,002263.SZ,B,3.620,100
1007,61.0,2025-09-23,2025-09-23 14:04:05,002263.SZ,B,3.620,500
1008,61.0,2025-09-23,2025-09-23 14:04:01,300905.SZ,S,38.580,100
1009,52.0,2025-09-23,2025-09-23 14:03:57,603766.SH,S,12.040,100
1010,61.0,2025-09-23,2025-09-23 14:03:57,002899.SZ,B,20.160,300
1011,61.0,2025-09-23,2025-09-23 14:03:54,002971.SZ,B,30.910,100
1012,61.0,2025-09-23,2025-09-23 14:03:54,002971.SZ,B,30.900,100
1013,59.0,2025-09-23,2025-09-23 14:03:50,600192.SH,B,9.140,100
1014,52.0,2025-09-23,2025-09-23 14:03:47,601975.SH,S,3.050,100
1015,61.0,2025-09-23,2025-09-23 14:03:41,600864.SH,S,7.020,100
1016,58.0,2025-09-23,2025-09-23 14:03:40,300185.SZ,S,3.010,100
1017,52.0,2025-09-23,2025-09-23 14:03:34,000600.SZ,S,7.040,100
1018,59.0,2025-09-23,2025-09-23 14:03:34,002899.SZ,B,20.160,100
1019,61.0,2025-09-23,2025-09-23 14:03:33,002431.SZ,B,2.400,400
1020,58.0,2025-09-23,2025-09-23 14:03:33,002431.SZ,B,2.400,300
1021,52.0,2025-09-23,2025-09-23 14:03:21,000975.SZ,S,21.360,100
1022,61.0,2025-09-23,2025-09-23 14:03:22,300189.SZ,B,4.280,100
1023,58.0,2025-09-23,2025-09-23 14:03:16,000837.SZ,B,13.830,400
1024,61.0,2025-09-23,2025-09-23 14:03:16,601208.SH,B,21.350,300
1025,58.0,2025-09-23,2025-09-23 14:03:15,000837.SZ,B,13.830,600
1026,61.0,2025-09-23,2025-09-23 14:03:13,002445.SZ,S,2.650,100
1027,59.0,2025-09-23,2025-09-23 14:03:14,002445.SZ,S,2.650,100
1028,61.0,2025-09-23,2025-09-23 14:03:12,002373.SZ,S,11.000,200
1029,61.0,2025-09-23,2025-09-23 14:03:12,603229.SH,B,10.380,200
1030,61.0,2025-09-23,2025-09-23 14:03:12,600693.SH,B,5.910,100
1031,61.0,2025-09-23,2025-09-23 14:03:10,601975.SH,S,3.050,200
1032,61.0,2025-09-23,2025-09-23 14:03:09,600498.SH,S,27.260,100
1033,59.0,2025-09-23,2025-09-23 14:03:10,601975.SH,S,3.050,100
1034,58.0,2025-09-23,2025-09-23 14:03:09,002256.SZ,B,3.000,300
1035,58.0,2025-09-23,2025-09-23 14:03:09,002256.SZ,B,3.000,200
1036,58.0,2025-09-23,2025-09-23 14:03:09,002256.SZ,B,3.000,300
1037,58.0,2025-09-23,2025-09-23 14:03:09,002256.SZ,B,3.000,200
1038,58.0,2025-09-23,2025-09-23 14:03:09,002256.SZ,B,3.000,100
1039,58.0,2025-09-23,2025-09-23 14:03:09,002256.SZ,B,3.000,100
1040,61.0,2025-09-23,2025-09-23 14:03:09,002256.SZ,B,3.000,800
1041,58.0,2025-09-23,2025-09-23 14:03:06,002445.SZ,S,2.650,100
1042,59.0,2025-09-23,2025-09-23 14:03:06,002317.SZ,B,17.610,400
1043,58.0,2025-09-23,2025-09-23 14:03:04,601958.SH,S,14.490,100
1044,58.0,2025-09-23,2025-09-23 14:03:04,002436.SZ,S,22.640,100
1045,61.0,2025-09-23,2025-09-23 14:03:05,000753.SZ,B,7.110,400
1046,52.0,2025-09-23,2025-09-23 14:03:03,600366.SH,S,13.790,100
1047,59.0,2025-09-23,2025-09-23 14:03:02,002560.SZ,S,7.150,100
1048,58.0,2025-09-23,2025-09-23 14:02:58,603613.SH,S,29.400,100
1049,59.0,2025-09-23,2025-09-23 14:02:57,002707.SZ,B,7.480,1000
1050,58.0,2025-09-23,2025-09-23 14:02:55,301125.SZ,S,20.270,100
1051,61.0,2025-09-23,2025-09-23 14:02:57,002707.SZ,B,7.480,2000
1052,61.0,2025-09-23,2025-09-23 14:02:46,000926.SZ,B,2.590,1800
1053,59.0,2025-09-23,2025-09-23 14:02:46,000926.SZ,B,2.590,1500
1054,52.0,2025-09-23,2025-09-23 14:02:43,603829.SH,B,22.090,200
1055,61.0,2025-09-23,2025-09-23 14:02:43,000592.SZ,S,3.290,100
1056,58.0,2025-09-23,2025-09-23 14:02:38,002971.SZ,B,30.920,100
1057,61.0,2025-09-23,2025-09-23 14:02:38,002632.SZ,B,10.080,100
1058,61.0,2025-09-23,2025-09-23 14:02:29,002186.SZ,B,11.430,700
1059,58.0,2025-09-23,2025-09-23 14:02:27,603229.SH,B,10.390,100
1060,61.0,2025-09-23,2025-09-23 14:02:22,002627.SZ,B,6.370,900
1061,58.0,2025-09-23,2025-09-23 14:02:22,000017.SZ,S,6.580,100
1062,61.0,2025-09-23,2025-09-23 14:02:22,002552.SZ,S,16.040,100
1063,59.0,2025-09-23,2025-09-23 14:02:19,600595.SH,S,5.100,100
1064,61.0,2025-09-23,2025-09-23 14:02:18,605287.SH,B,20.920,100
1065,61.0,2025-09-23,2025-09-23 14:02:18,605287.SH,B,20.920,100
1066,61.0,2025-09-23,2025-09-23 14:02:18,605287.SH,B,20.920,200
1067,58.0,2025-09-23,2025-09-23 14:02:16,603903.SH,S,10.870,900
1068,52.0,2025-09-23,2025-09-23 14:02:02,603903.SH,S,10.870,400
1069,61.0,2025-09-23,2025-09-23 14:02:12,002858.SZ,S,14.970,100
1070,58.0,2025-09-23,2025-09-23 14:02:10,603186.SH,S,42.000,200
1071,58.0,2025-09-23,2025-09-23 14:02:10,603186.SH,S,42.000,100
1072,59.0,2025-09-23,2025-09-23 14:02:10,002186.SZ,B,11.430,400
1073,61.0,2025-09-23,2025-09-23 14:02:09,002196.SZ,S,9.780,500
1074,61.0,2025-09-23,2025-09-23 14:02:09,000061.SZ,S,8.420,100
1075,52.0,2025-09-23,2025-09-23 14:02:09,603186.SH,S,42.000,100
1076,59.0,2025-09-23,2025-09-23 14:02:09,002196.SZ,S,9.780,200
1077,58.0,2025-09-23,2025-09-23 14:02:07,002506.SZ,S,2.460,100
1078,52.0,2025-09-23,2025-09-23 14:02:08,601333.SH,S,3.330,100
1079,58.0,2025-09-23,2025-09-23 14:02:08,002575.SZ,S,8.190,100
1080,58.0,2025-09-23,2025-09-23 14:02:06,600366.SH,S,13.800,100
1081,58.0,2025-09-23,2025-09-23 14:02:06,603058.SH,S,9.510,100
1082,58.0,2025-09-23,2025-09-23 14:02:05,603278.SH,S,10.790,100
1083,61.0,2025-09-23,2025-09-23 14:02:06,000677.SZ,S,4.870,100
1084,58.0,2025-09-23,2025-09-23 14:02:06,002248.SZ,B,10.140,100
1085,59.0,2025-09-23,2025-09-23 14:02:05,603328.SH,B,12.070,100
1086,52.0,2025-09-23,2025-09-23 14:02:01,600601.SH,S,10.710,300
1087,58.0,2025-09-23,2025-09-23 14:02:05,002476.SZ,S,5.710,100
1088,58.0,2025-09-23,2025-09-23 14:02:05,002263.SZ,B,3.630,300
1089,61.0,2025-09-23,2025-09-23 14:02:04,601311.SH,S,10.570,100
1090,61.0,2025-09-23,2025-09-23 14:02:03,002842.SZ,S,10.000,100
1091,59.0,2025-09-23,2025-09-23 14:02:04,002938.SZ,B,60.810,100
1092,61.0,2025-09-23,2025-09-23 14:02:01,603903.SH,S,10.880,1700
1093,61.0,2025-09-23,2025-09-23 14:02:02,688189.SH,B,11.610,200
1094,52.0,2025-09-23,2025-09-23 14:01:30,002915.SZ,B,26.080,200
1095,59.0,2025-09-23,2025-09-23 14:02:01,603903.SH,S,10.880,600
1096,52.0,2025-09-23,2025-09-23 14:01:19,002196.SZ,S,9.790,200
1097,52.0,2025-09-23,2025-09-23 14:01:57,300252.SZ,S,14.870,100
1098,61.0,2025-09-23,2025-09-23 14:01:56,603871.SH,S,13.700,100
1099,59.0,2025-09-23,2025-09-23 14:01:56,603871.SH,S,13.700,100
1100,59.0,2025-09-23,2025-09-23 14:01:55,002374.SZ,B,2.810,400
1101,52.0,2025-09-23,2025-09-23 14:01:53,603186.SH,S,42.070,200
1102,61.0,2025-09-23,2025-09-23 14:01:50,603194.SH,S,43.410,100
1103,59.0,2025-09-23,2025-09-23 14:01:48,603194.SH,S,43.420,100
1104,61.0,2025-09-23,2025-09-23 14:01:48,002448.SZ,S,10.850,100
1105,59.0,2025-09-23,2025-09-23 14:01:48,605287.SH,B,20.910,100
1106,52.0,2025-09-23,2025-09-23 14:01:29,000837.SZ,B,13.870,600
1107,61.0,2025-09-23,2025-09-23 14:01:45,300252.SZ,S,14.870,100
1108,52.0,2025-09-23,2025-09-23 14:01:24,002126.SZ,B,41.520,100
1109,58.0,2025-09-23,2025-09-23 14:01:42,002448.SZ,S,10.850,100
1110,52.0,2025-09-23,2025-09-23 14:01:41,002448.SZ,S,10.850,100
1111,61.0,2025-09-23,2025-09-23 14:01:40,600834.SH,S,8.470,100
1112,59.0,2025-09-23,2025-09-23 14:01:40,600649.SH,S,4.640,100
1113,52.0,2025-09-23,2025-09-23 14:01:33,601208.SH,B,21.500,400
1114,52.0,2025-09-23,2025-09-23 14:01:24,002126.SZ,B,41.520,100
1115,61.0,2025-09-23,2025-09-23 14:01:39,002356.SZ,S,3.610,100
1116,58.0,2025-09-23,2025-09-23 14:01:37,002418.SZ,S,4.520,100
1117,61.0,2025-09-23,2025-09-23 14:01:30,002463.SZ,B,75.840,200
1118,58.0,2025-09-23,2025-09-23 14:01:30,300485.SZ,S,11.440,100
1119,61.0,2025-09-23,2025-09-23 14:01:30,600503.SH,S,3.300,100
1120,59.0,2025-09-23,2025-09-23 14:01:30,600503.SH,S,3.300,100
1121,52.0,2025-09-23,2025-09-23 14:01:19,002330.SZ,B,4.850,200
1122,61.0,2025-09-23,2025-09-23 14:01:29,300185.SZ,S,3.020,100
1123,61.0,2025-09-23,2025-09-23 14:01:28,603680.SH,S,12.310,100
1124,52.0,2025-09-23,2025-09-23 14:01:23,605287.SH,B,20.890,200
1125,61.0,2025-09-23,2025-09-23 14:01:27,002055.SZ,S,7.880,100
1126,58.0,2025-09-23,2025-09-23 14:01:25,300345.SZ,S,6.550,100
1127,52.0,2025-09-23,2025-09-23 14:01:19,002236.SZ,S,19.400,100
1128,58.0,2025-09-23,2025-09-23 14:01:16,600601.SH,S,10.700,200
1129,58.0,2025-09-23,2025-09-23 14:01:15,600684.SH,S,5.890,100
1130,61.0,2025-09-23,2025-09-23 14:01:17,002042.SZ,S,5.750,100
1131,61.0,2025-09-23,2025-09-23 14:01:15,600880.SH,S,4.860,100
1132,61.0,2025-09-23,2025-09-23 14:01:14,000659.SZ,B,2.800,3900
1133,59.0,2025-09-23,2025-09-23 14:01:14,000659.SZ,B,2.800,1500
1134,58.0,2025-09-23,2025-09-23 14:01:13,300189.SZ,B,4.290,100
1135,58.0,2025-09-23,2025-09-23 14:01:13,603186.SH,S,42.070,200
1136,58.0,2025-09-23,2025-09-23 14:01:14,600089.SH,S,16.160,100
1137,61.0,2025-09-23,2025-09-23 14:01:15,002374.SZ,B,2.810,300
1138,61.0,2025-09-23,2025-09-23 14:01:15,002374.SZ,B,2.810,100
1139,61.0,2025-09-23,2025-09-23 14:01:15,002374.SZ,B,2.810,400
1140,61.0,2025-09-23,2025-09-23 14:01:15,002374.SZ,B,2.810,100
1141,59.0,2025-09-23,2025-09-23 14:01:13,603186.SH,S,42.070,400
1142,59.0,2025-09-23,2025-09-23 14:01:13,603186.SH,S,42.080,100
1143,59.0,2025-09-23,2025-09-23 14:01:13,600601.SH,S,10.700,100
1144,59.0,2025-09-23,2025-09-23 14:01:13,300345.SZ,S,6.550,100
1145,59.0,2025-09-23,2025-09-23 14:01:13,000056.SZ,S,2.670,500
1146,61.0,2025-09-23,2025-09-23 14:01:13,603186.SH,S,42.080,100
1147,61.0,2025-09-23,2025-09-23 14:01:13,603186.SH,S,42.080,100
1148,61.0,2025-09-23,2025-09-23 14:01:13,603186.SH,S,42.080,100
1149,61.0,2025-09-23,2025-09-23 14:01:13,603186.SH,S,42.080,100
1150,61.0,2025-09-23,2025-09-23 14:01:13,603186.SH,S,42.080,100
1151,61.0,2025-09-23,2025-09-23 14:01:13,603186.SH,S,42.080,100
1152,61.0,2025-09-23,2025-09-23 14:01:13,603186.SH,S,42.080,100
1153,61.0,2025-09-23,2025-09-23 14:01:12,300855.SZ,S,27.250,100
1154,61.0,2025-09-23,2025-09-23 14:01:13,603186.SH,S,42.080,100
1155,61.0,2025-09-23,2025-09-23 14:01:13,603186.SH,S,42.080,100
1156,61.0,2025-09-23,2025-09-23 14:01:13,603186.SH,S,42.080,200
1157,61.0,2025-09-23,2025-09-23 14:01:12,600089.SH,S,16.160,100
1158,61.0,2025-09-23,2025-09-23 14:01:12,600601.SH,S,10.700,200
1159,61.0,2025-09-23,2025-09-23 14:01:12,300435.SZ,S,20.670,100
1160,61.0,2025-09-23,2025-09-23 14:01:12,000010.SZ,S,4.300,100
1161,61.0,2025-09-23,2025-09-23 14:01:12,603186.SH,S,42.080,100
1162,61.0,2025-09-23,2025-09-23 14:01:12,000931.SZ,S,4.980,100
1163,61.0,2025-09-23,2025-09-23 13:58:53,600545.SH,S,2.900,100
1164,61.0,2025-09-23,2025-09-23 13:58:30,002431.SZ,B,2.410,300
1165,61.0,2025-09-23,2025-09-23 13:58:30,601518.SH,S,2.700,100
1166,59.0,2025-09-23,2025-09-23 13:58:30,002431.SZ,B,2.410,100
1167,58.0,2025-09-23,2025-09-23 13:58:07,002431.SZ,B,2.410,300
1168,58.0,2025-09-23,2025-09-23 13:58:07,002172.SZ,B,4.110,1300
1169,61.0,2025-09-23,2025-09-23 13:58:07,600880.SH,S,4.840,100
1170,61.0,2025-09-23,2025-09-23 13:58:00,002936.SZ,S,2.010,100
1171,61.0,2025-09-23,2025-09-23 13:58:00,000757.SZ,S,5.200,100
1172,61.0,2025-09-23,2025-09-23 13:57:57,601208.SH,B,21.500,200
1173,58.0,2025-09-23,2025-09-23 13:57:56,002374.SZ,B,2.810,600
1174,59.0,2025-09-23,2025-09-23 13:57:56,000926.SZ,B,2.590,1300
1175,58.0,2025-09-23,2025-09-23 13:57:31,601218.SH,B,4.580,100
1176,58.0,2025-09-23,2025-09-23 13:57:28,002971.SZ,B,31.110,100
1177,58.0,2025-09-23,2025-09-23 13:56:55,603667.SH,B,47.050,100
1178,52.0,2025-09-23,2025-09-23 13:56:52,000659.SZ,B,2.810,2200
1179,59.0,2025-09-23,2025-09-23 13:56:51,600884.SH,B,13.900,100
1180,58.0,2025-09-23,2025-09-23 13:56:30,600684.SH,S,5.880,100
1181,60.0,2025-09-23,2025-09-23 13:54:40,300502.SZ,S,343.420,100
1182,58.0,2025-09-23,2025-09-23 13:55:37,000926.SZ,B,2.590,2300
1183,58.0,2025-09-23,2025-09-23 13:55:37,603381.SH,B,24.000,100
1184,58.0,2025-09-23,2025-09-23 13:55:32,002463.SZ,B,75.780,100
1185,59.0,2025-09-23,2025-09-23 13:55:34,300345.SZ,S,6.550,100
1186,58.0,2025-09-23,2025-09-23 13:55:30,600869.SH,S,7.600,1100
1187,58.0,2025-09-23,2025-09-23 13:55:29,600869.SH,S,7.600,1000
1188,52.0,2025-09-23,2025-09-23 13:55:12,000056.SZ,B,2.670,200
1189,58.0,2025-09-23,2025-09-23 13:55:09,002871.SZ,B,16.340,100
1190,52.0,2025-09-23,2025-09-23 13:54:36,000837.SZ,B,13.870,400
1191,52.0,2025-09-23,2025-09-23 13:47:15,000600.SZ,S,7.030,100
1192,58.0,2025-09-23,2025-09-23 13:54:53,002506.SZ,S,2.460,100
1193,61.0,2025-09-23,2025-09-23 13:54:44,603192.SH,B,20.990,100
1194,52.0,2025-09-23,2025-09-23 13:54:41,601218.SH,B,4.590,200
1195,61.0,2025-09-23,2025-09-23 13:54:39,600864.SH,S,7.030,100
1196,52.0,2025-09-23,2025-09-23 13:54:38,000926.SZ,B,2.590,1200
1197,58.0,2025-09-23,2025-09-23 13:54:37,002627.SZ,B,6.350,300
1198,59.0,2025-09-23,2025-09-23 13:54:31,000056.SZ,S,2.670,500
1199,59.0,2025-09-23,2025-09-23 13:54:26,605287.SH,B,20.830,100
1200,59.0,2025-09-23,2025-09-23 13:54:26,002403.SZ,B,14.850,100
1201,58.0,2025-09-23,2025-09-23 13:54:25,601975.SH,S,3.050,100
1202,61.0,2025-09-23,2025-09-23 13:54:24,601975.SH,S,3.050,200
1203,59.0,2025-09-23,2025-09-23 13:54:24,601975.SH,S,3.050,100
1204,52.0,2025-09-23,2025-09-23 13:54:16,002115.SZ,B,10.900,1200
1205,61.0,2025-09-23,2025-09-23 13:54:06,002374.SZ,B,2.810,800
1206,52.0,2025-09-23,2025-09-23 13:53:48,000811.SZ,S,14.100,100
1207,59.0,2025-09-23,2025-09-23 13:54:06,002374.SZ,B,2.810,200
1208,58.0,2025-09-23,2025-09-23 13:53:53,000753.SZ,B,7.120,300
1209,52.0,2025-09-23,2025-09-23 13:52:55,002627.SZ,B,6.350,400
1210,59.0,2025-09-23,2025-09-23 13:53:40,600330.SH,B,11.550,100
1211,59.0,2025-09-23,2025-09-23 13:53:40,603829.SH,B,22.160,100
1212,59.0,2025-09-23,2025-09-23 13:53:39,002558.SZ,S,42.690,100
1213,61.0,2025-09-23,2025-09-23 13:53:39,603607.SH,B,22.950,100
1214,61.0,2025-09-23,2025-09-23 13:53:35,600722.SH,B,6.240,100
1215,61.0,2025-09-23,2025-09-23 13:53:35,600722.SH,B,6.240,400
1216,59.0,2025-09-23,2025-09-23 13:53:35,600722.SH,B,6.240,100
1217,58.0,2025-09-23,2025-09-23 13:53:33,600192.SH,B,9.160,300
1218,58.0,2025-09-23,2025-09-23 13:53:31,002786.SZ,B,9.190,300
1219,58.0,2025-09-23,2025-09-23 13:53:29,600869.SH,S,7.590,800
1220,52.0,2025-09-23,2025-09-23 13:53:21,600052.SH,B,5.240,100
1221,52.0,2025-09-23,2025-09-23 13:53:21,600052.SH,B,5.240,100
1222,52.0,2025-09-23,2025-09-23 13:53:21,600052.SH,B,5.240,100
1223,52.0,2025-09-23,2025-09-23 13:53:21,600052.SH,B,5.240,100
1224,52.0,2025-09-23,2025-09-23 13:53:21,600052.SH,B,5.240,100
1225,52.0,2025-09-23,2025-09-23 13:53:21,600052.SH,B,5.240,200
1226,52.0,2025-09-23,2025-09-23 13:53:21,600052.SH,B,5.240,300
1227,58.0,2025-09-23,2025-09-23 13:53:22,603607.SH,B,22.980,100
1228,58.0,2025-09-23,2025-09-23 13:53:20,603613.SH,S,29.420,100
1229,61.0,2025-09-23,2025-09-23 13:53:14,002403.SZ,B,14.840,100
1230,61.0,2025-09-23,2025-09-23 13:53:14,002403.SZ,B,14.840,300
1231,61.0,2025-09-23,2025-09-23 13:53:14,002403.SZ,B,14.840,100
1232,61.0,2025-09-23,2025-09-23 13:53:14,002263.SZ,B,3.630,500
1233,58.0,2025-09-23,2025-09-23 13:53:13,002622.SZ,S,3.970,100
1234,61.0,2025-09-23,2025-09-23 13:53:13,301015.SZ,S,27.410,100
1235,59.0,2025-09-23,2025-09-23 13:53:13,002263.SZ,B,3.630,100
1236,61.0,2025-09-23,2025-09-23 13:53:12,603328.SH,B,12.050,500
1237,61.0,2025-09-23,2025-09-23 13:53:12,603328.SH,B,12.050,100
1238,61.0,2025-09-23,2025-09-23 13:53:12,002558.SZ,S,42.700,200
1239,52.0,2025-09-23,2025-09-23 13:53:11,002707.SZ,B,7.480,200
1240,61.0,2025-09-23,2025-09-23 13:53:10,002622.SZ,S,3.960,100
1241,61.0,2025-09-23,2025-09-23 13:53:09,603127.SH,B,35.800,100
1242,59.0,2025-09-23,2025-09-23 13:53:09,002786.SZ,B,9.190,100
1243,61.0,2025-09-23,2025-09-23 13:53:05,603229.SH,B,10.400,100
1244,61.0,2025-09-23,2025-09-23 13:53:05,603229.SH,B,10.400,100
1245,59.0,2025-09-23,2025-09-23 13:53:03,002506.SZ,S,2.460,100
1246,61.0,2025-09-23,2025-09-23 13:53:03,002506.SZ,S,2.460,100
1247,61.0,2025-09-23,2025-09-23 13:53:03,002476.SZ,S,5.720,100
1248,61.0,2025-09-23,2025-09-23 13:52:54,600684.SH,S,5.890,100
1249,61.0,2025-09-23,2025-09-23 13:52:52,002707.SZ,B,7.470,100
1250,61.0,2025-09-23,2025-09-23 13:52:52,002707.SZ,B,7.470,200
1251,61.0,2025-09-23,2025-09-23 13:52:52,002707.SZ,B,7.470,200
1252,61.0,2025-09-23,2025-09-23 13:52:52,002707.SZ,B,7.470,100
1253,58.0,2025-09-23,2025-09-23 13:52:46,002100.SZ,S,7.450,100
1254,61.0,2025-09-23,2025-09-23 13:52:43,300478.SZ,B,24.850,100
1255,52.0,2025-09-23,2025-09-23 13:50:16,002140.SZ,S,10.810,100
1256,60.0,2025-09-23,2025-09-23 13:51:00,600309.SH,S,63.060,546
1257,52.0,2025-09-23,2025-09-23 13:52:39,002871.SZ,B,16.260,200
1258,52.0,2025-09-23,2025-09-23 13:50:33,600869.SH,S,7.570,700
1259,61.0,2025-09-23,2025-09-23 13:52:35,601333.SH,S,3.320,100
1260,59.0,2025-09-23,2025-09-23 13:52:24,603328.SH,B,12.010,100
1261,61.0,2025-09-23,2025-09-23 13:52:15,300736.SZ,S,13.160,500
1262,61.0,2025-09-23,2025-09-23 13:52:15,000061.SZ,S,8.410,100
1263,52.0,2025-09-23,2025-09-23 13:52:15,300736.SZ,S,13.170,100
1264,58.0,2025-09-23,2025-09-23 13:52:15,300736.SZ,S,13.160,400
1265,58.0,2025-09-23,2025-09-23 13:52:14,601872.SH,S,8.600,100
1266,59.0,2025-09-23,2025-09-23 13:52:13,300736.SZ,S,13.160,100
1267,59.0,2025-09-23,2025-09-23 13:52:13,300736.SZ,S,13.160,100
1268,58.0,2025-09-23,2025-09-23 13:52:12,002772.SZ,S,9.550,100
1269,58.0,2025-09-23,2025-09-23 13:52:09,002707.SZ,B,7.470,700
1270,61.0,2025-09-23,2025-09-23 13:52:00,000010.SZ,S,4.310,100
1271,52.0,2025-09-23,2025-09-23 13:51:59,002879.SZ,S,17.550,100
1272,58.0,2025-09-23,2025-09-23 13:51:55,600330.SH,B,11.540,300
1273,59.0,2025-09-23,2025-09-23 13:51:55,002560.SZ,S,7.130,100
1274,59.0,2025-09-23,2025-09-23 13:51:52,002899.SZ,B,20.150,100
1275,61.0,2025-09-23,2025-09-23 13:51:46,002803.SZ,S,18.170,100
1276,61.0,2025-09-23,2025-09-23 13:51:30,603051.SH,B,22.660,100
1277,61.0,2025-09-23,2025-09-23 13:51:29,603051.SH,B,22.660,100
1278,61.0,2025-09-23,2025-09-23 13:51:25,002842.SZ,S,9.980,100
1279,61.0,2025-09-23,2025-09-23 13:51:21,002805.SZ,B,13.130,300
1280,61.0,2025-09-23,2025-09-23 13:51:17,600834.SH,S,8.420,100
1281,58.0,2025-09-23,2025-09-23 13:51:16,002575.SZ,S,8.220,100
1282,58.0,2025-09-23,2025-09-23 13:51:16,000813.SZ,S,4.090,100
1283,61.0,2025-09-23,2025-09-23 13:51:15,600721.SH,S,9.110,100
1284,58.0,2025-09-23,2025-09-23 13:51:13,301125.SZ,S,20.200,100
1285,58.0,2025-09-23,2025-09-23 13:51:11,002354.SZ,S,6.860,100
1286,61.0,2025-09-23,2025-09-23 13:51:10,002858.SZ,S,14.940,100
1287,61.0,2025-09-23,2025-09-23 13:51:08,000753.SZ,B,7.100,300
1288,58.0,2025-09-23,2025-09-23 13:51:06,000811.SZ,S,14.040,600
1289,59.0,2025-09-23,2025-09-23 13:51:07,002186.SZ,B,11.420,300
1290,58.0,2025-09-23,2025-09-23 13:50:56,000017.SZ,S,6.570,100
1291,61.0,2025-09-23,2025-09-23 13:50:55,600967.SH,S,18.500,100
1292,58.0,2025-09-23,2025-09-23 13:50:54,300485.SZ,S,11.390,100
1293,58.0,2025-09-23,2025-09-23 13:50:52,300135.SZ,B,4.360,400
1294,58.0,2025-09-23,2025-09-23 13:50:51,002632.SZ,B,10.040,100
1295,58.0,2025-09-23,2025-09-23 13:50:46,603058.SH,S,9.500,100
1296,52.0,2025-09-23,2025-09-23 13:50:46,002186.SZ,B,11.420,400
1297,59.0,2025-09-23,2025-09-23 13:50:43,000811.SZ,S,14.040,300
1298,59.0,2025-09-23,2025-09-23 13:50:42,002174.SZ,S,11.180,100
1299,59.0,2025-09-23,2025-09-23 13:50:41,600452.SH,S,9.390,100
1300,58.0,2025-09-23,2025-09-23 13:50:10,603098.SH,S,14.190,100
1301,58.0,2025-09-23,2025-09-23 13:50:02,300164.SZ,B,5.170,700
1302,52.0,2025-09-23,2025-09-23 13:49:58,603766.SH,S,12.040,100
1303,61.0,2025-09-23,2025-09-23 13:49:57,002256.SZ,B,3.000,800
1304,52.0,2025-09-23,2025-09-23 13:49:54,600601.SH,S,10.680,300
1305,58.0,2025-09-23,2025-09-23 13:49:37,300478.SZ,B,24.720,100
1306,61.0,2025-09-23,2025-09-23 13:49:24,002707.SZ,B,7.470,500
1307,58.0,2025-09-23,2025-09-23 13:49:22,600601.SH,S,10.680,200
1308,58.0,2025-09-23,2025-09-23 13:49:20,300185.SZ,S,3.020,100
1309,61.0,2025-09-23,2025-09-23 13:49:15,002448.SZ,S,10.830,100
1310,61.0,2025-09-23,2025-09-23 13:49:15,002445.SZ,S,2.660,100
1311,61.0,2025-09-23,2025-09-23 13:49:14,000811.SZ,S,14.100,700
1312,58.0,2025-09-23,2025-09-23 13:49:15,002445.SZ,S,2.660,100
1313,58.0,2025-09-23,2025-09-23 13:49:13,002448.SZ,S,10.830,100
1314,52.0,2025-09-23,2025-09-23 13:49:12,600366.SH,S,13.770,100
1315,58.0,2025-09-23,2025-09-23 13:49:13,600722.SH,B,6.220,100
1316,61.0,2025-09-23,2025-09-23 13:49:10,601311.SH,S,10.530,100
1317,58.0,2025-09-23,2025-09-23 13:49:09,600722.SH,B,6.220,200
1318,52.0,2025-09-23,2025-09-23 13:48:46,603829.SH,B,22.080,100
1319,58.0,2025-09-23,2025-09-23 13:49:03,601958.SH,S,14.480,100
1320,61.0,2025-09-23,2025-09-23 13:49:03,002284.SZ,S,12.860,100
1321,58.0,2025-09-23,2025-09-23 13:49:02,603278.SH,S,10.770,100
1322,59.0,2025-09-23,2025-09-23 13:48:52,600192.SH,B,9.140,100
1323,61.0,2025-09-23,2025-09-23 13:48:48,002356.SZ,S,3.570,100
1324,52.0,2025-09-23,2025-09-23 13:48:46,603829.SH,B,22.080,100
1325,61.0,2025-09-23,2025-09-23 13:48:46,603680.SH,S,12.260,100
1326,52.0,2025-09-23,2025-09-23 13:46:17,002330.SZ,B,4.830,200
1327,59.0,2025-09-23,2025-09-23 13:48:46,002501.SZ,B,2.470,200
1328,61.0,2025-09-23,2025-09-23 13:48:41,300185.SZ,S,3.020,100
1329,58.0,2025-09-23,2025-09-23 13:48:34,603051.SH,B,22.680,100
1330,59.0,2025-09-23,2025-09-23 13:48:29,600601.SH,S,10.700,100
1331,61.0,2025-09-23,2025-09-23 13:48:29,600601.SH,S,10.700,200
1332,59.0,2025-09-23,2025-09-23 13:48:28,002445.SZ,S,2.660,100
1333,61.0,2025-09-23,2025-09-23 13:48:27,002501.SZ,B,2.470,500
1334,52.0,2025-09-23,2025-09-23 13:48:23,605287.SH,B,20.730,200
1335,58.0,2025-09-23,2025-09-23 13:48:21,002476.SZ,S,5.720,100
1336,58.0,2025-09-23,2025-09-23 13:48:16,603194.SH,S,43.160,100
1337,59.0,2025-09-23,2025-09-23 13:48:18,002317.SZ,B,17.520,500
1338,52.0,2025-09-23,2025-09-23 13:47:10,002126.SZ,B,41.480,200
1339,52.0,2025-09-23,2025-09-23 13:48:04,002236.SZ,S,19.380,100
1340,58.0,2025-09-23,2025-09-23 13:48:13,002805.SZ,B,13.120,100
1341,52.0,2025-09-23,2025-09-23 13:46:17,300021.SZ,S,4.810,100
1342,59.0,2025-09-23,2025-09-23 13:48:11,603381.SH,B,23.910,100
1343,61.0,2025-09-23,2025-09-23 13:48:11,603381.SH,B,23.910,200
1344,59.0,2025-09-23,2025-09-23 13:48:06,600869.SH,S,7.580,300
1345,61.0,2025-09-23,2025-09-23 13:48:05,601208.SH,B,21.620,200
1346,59.0,2025-09-23,2025-09-23 13:48:06,600869.SH,S,7.580,1000
1347,61.0,2025-09-23,2025-09-23 13:48:04,002373.SZ,S,10.960,200
1348,58.0,2025-09-23,2025-09-23 13:48:03,600366.SH,S,13.770,100
1349,58.0,2025-09-23,2025-09-23 13:47:59,002886.SZ,S,22.530,100
1350,58.0,2025-09-23,2025-09-23 13:47:59,002436.SZ,S,22.680,100
1351,61.0,2025-09-23,2025-09-23 13:47:59,002552.SZ,S,16.040,100
1352,58.0,2025-09-23,2025-09-23 13:47:59,603229.SH,B,10.370,100
1353,61.0,2025-09-23,2025-09-23 13:47:58,302132.SZ,S,81.780,100
1354,52.0,2025-09-23,2025-09-23 13:47:55,002558.SZ,S,42.600,100
1355,61.0,2025-09-23,2025-09-23 13:47:53,600498.SH,S,27.320,100
1356,59.0,2025-09-23,2025-09-23 13:47:53,603871.SH,S,13.550,100
1357,58.0,2025-09-23,2025-09-23 13:47:48,002403.SZ,B,14.810,300
1358,58.0,2025-09-23,2025-09-23 13:47:48,002558.SZ,S,42.590,100
1359,52.0,2025-09-23,2025-09-23 13:47:43,300252.SZ,S,14.910,100
1360,58.0,2025-09-23,2025-09-23 13:47:39,300575.SZ,S,6.480,100
1361,61.0,2025-09-23,2025-09-23 13:47:39,002463.SZ,B,75.720,200
1362,58.0,2025-09-23,2025-09-23 13:47:38,002501.SZ,B,2.470,600
1363,61.0,2025-09-23,2025-09-23 13:47:38,603083.SH,S,113.250,100
1364,61.0,2025-09-23,2025-09-23 13:47:35,600188.SH,S,13.610,100
1365,61.0,2025-09-23,2025-09-23 13:47:33,688636.SH,S,33.450,200
1366,59.0,2025-09-23,2025-09-23 13:47:32,600503.SH,S,3.290,100
1367,52.0,2025-09-23,2025-09-23 13:46:19,002501.SZ,B,2.470,400
1368,58.0,2025-09-23,2025-09-23 13:47:30,300345.SZ,S,6.540,100
1369,59.0,2025-09-23,2025-09-23 13:47:21,600595.SH,S,5.090,100
1370,61.0,2025-09-23,2025-09-23 13:47:15,000813.SZ,S,4.080,100
1371,61.0,2025-09-23,2025-09-23 13:47:14,000931.SZ,S,4.960,100
1372,61.0,2025-09-23,2025-09-23 13:47:13,002042.SZ,S,5.740,100
1373,52.0,2025-09-23,2025-09-23 13:46:21,000837.SZ,B,13.800,300
1374,59.0,2025-09-23,2025-09-23 13:47:08,002707.SZ,B,7.470,100
1375,59.0,2025-09-23,2025-09-23 13:47:08,002707.SZ,B,7.470,100
1376,61.0,2025-09-23,2025-09-23 13:47:04,000677.SZ,S,4.850,100
1377,52.0,2025-09-23,2025-09-23 13:46:21,000837.SZ,B,13.800,300
1378,58.0,2025-09-23,2025-09-23 13:46:53,603285.SH,B,25.440,100
1379,58.0,2025-09-23,2025-09-23 13:46:52,002256.SZ,B,3.000,1100
1380,52.0,2025-09-23,2025-09-23 13:46:51,002317.SZ,B,17.540,600
1381,58.0,2025-09-23,2025-09-23 13:46:42,002534.SZ,B,15.990,100
1382,58.0,2025-09-23,2025-09-23 13:46:40,000882.SZ,S,2.040,100
1383,52.0,2025-09-23,2025-09-23 13:46:40,300164.SZ,B,5.170,200
1384,58.0,2025-09-23,2025-09-23 13:46:31,002248.SZ,B,10.120,100
1385,61.0,2025-09-23,2025-09-23 13:46:28,002627.SZ,B,6.330,800
1386,61.0,2025-09-23,2025-09-23 13:46:26,002055.SZ,S,7.850,100
1387,59.0,2025-09-23,2025-09-23 13:46:25,300164.SZ,B,5.170,200
1388,52.0,2025-09-23,2025-09-23 13:46:22,601208.SH,B,21.730,400
1389,52.0,2025-09-23,2025-09-23 13:46:17,601339.SH,S,5.360,100
1390,52.0,2025-09-23,2025-09-23 13:46:17,601333.SH,S,3.310,100
1391,52.0,2025-09-23,2025-09-23 13:46:17,000586.SZ,S,12.650,100
1392,59.0,2025-09-23,2025-09-23 13:46:16,600649.SH,S,4.610,100
1393,61.0,2025-09-23,2025-09-23 13:46:15,000592.SZ,S,3.270,100
1394,58.0,2025-09-23,2025-09-23 13:46:13,300658.SZ,S,8.120,100
1395,61.0,2025-09-23,2025-09-23 13:46:13,000586.SZ,S,12.650,500
1396,61.0,2025-09-23,2025-09-23 13:46:13,002632.SZ,B,10.040,100
1397,59.0,2025-09-23,2025-09-23 13:46:13,605168.SH,S,29.610,100
1398,58.0,2025-09-23,2025-09-23 13:46:12,000586.SZ,S,12.650,500
1399,58.0,2025-09-23,2025-09-23 13:46:12,002263.SZ,B,3.620,300
1400,58.0,2025-09-23,2025-09-23 13:46:12,002418.SZ,S,4.500,100
1401,59.0,2025-09-23,2025-09-23 13:46:12,000586.SZ,S,12.650,200
1402,52.0,2025-09-23,2025-09-23 13:43:26,000659.SZ,B,2.810,1400
1403,61.0,2025-09-23,2025-09-23 13:43:14,002786.SZ,B,9.190,100
1404,61.0,2025-09-23,2025-09-23 13:43:14,002786.SZ,B,9.190,300
1405,61.0,2025-09-23,2025-09-23 13:43:13,300736.SZ,S,13.130,200
1406,61.0,2025-09-23,2025-09-23 13:43:13,300736.SZ,S,13.140,100
1407,58.0,2025-09-23,2025-09-23 13:43:07,300575.SZ,S,6.440,100
1408,58.0,2025-09-23,2025-09-23 13:43:06,605287.SH,B,20.670,100
1409,58.0,2025-09-23,2025-09-23 13:43:06,605287.SH,B,20.670,200
1410,61.0,2025-09-23,2025-09-23 13:43:00,002476.SZ,S,5.720,100
1411,52.0,2025-09-23,2025-09-23 13:38:20,300164.SZ,B,5.190,200
1412,52.0,2025-09-23,2025-09-23 13:41:47,002186.SZ,B,11.440,400
1413,61.0,2025-09-23,2025-09-23 13:41:29,300185.SZ,S,3.020,100
1414,61.0,2025-09-23,2025-09-23 13:41:11,002506.SZ,S,2.460,100
1415,59.0,2025-09-23,2025-09-23 13:41:11,002506.SZ,S,2.460,100
1416,58.0,2025-09-23,2025-09-23 13:40:25,002871.SZ,B,16.320,100
1417,58.0,2025-09-23,2025-09-23 13:40:24,300135.SZ,B,4.360,400
1418,58.0,2025-09-23,2025-09-23 13:39:37,300185.SZ,S,3.030,100
1419,52.0,2025-09-23,2025-09-23 13:35:14,601218.SH,B,4.580,200
1420,61.0,2025-09-23,2025-09-23 13:39:15,001215.SZ,B,39.560,100
1421,61.0,2025-09-23,2025-09-23 13:39:13,603829.SH,B,22.160,600
1422,61.0,2025-09-23,2025-09-23 13:39:08,688347.SH,S,80.250,217
1423,58.0,2025-09-23,2025-09-23 13:38:52,002476.SZ,S,5.730,100
1424,52.0,2025-09-23,2025-09-23 13:37:30,603829.SH,B,22.150,200
1425,52.0,2025-09-23,2025-09-23 13:37:27,002115.SZ,B,10.920,286
1426,52.0,2025-09-23,2025-09-23 13:37:27,002115.SZ,B,10.920,100
1427,52.0,2025-09-23,2025-09-23 13:37:27,002115.SZ,B,10.920,814
1428,61.0,2025-09-23,2025-09-23 13:38:26,002115.SZ,B,10.930,500
1429,61.0,2025-09-23,2025-09-23 13:38:25,600751.SH,S,4.630,800
1430,58.0,2025-09-23,2025-09-23 13:38:17,002100.SZ,S,7.450,100
1431,59.0,2025-09-23,2025-09-23 13:38:11,002560.SZ,S,7.160,100
1432,61.0,2025-09-23,2025-09-23 13:37:59,600684.SH,S,5.910,100
1433,58.0,2025-09-23,2025-09-23 13:37:46,002632.SZ,B,10.060,100
1434,52.0,2025-09-23,2025-09-23 13:37:37,002871.SZ,B,16.340,200
1435,61.0,2025-09-23,2025-09-23 13:37:25,002115.SZ,B,10.930,100
1436,61.0,2025-09-23,2025-09-23 13:37:25,002115.SZ,B,10.930,100
1437,61.0,2025-09-23,2025-09-23 13:37:25,002115.SZ,B,10.930,100
1438,59.0,2025-09-23,2025-09-23 13:37:15,601208.SH,B,21.960,200
1439,59.0,2025-09-23,2025-09-23 13:37:13,601208.SH,B,21.960,100
1440,59.0,2025-09-23,2025-09-23 13:37:13,002174.SZ,S,11.200,100
1441,61.0,2025-09-23,2025-09-23 13:37:11,601208.SH,B,21.950,300
1442,61.0,2025-09-23,2025-09-23 13:37:12,002445.SZ,S,2.690,100
1443,59.0,2025-09-23,2025-09-23 13:37:12,002445.SZ,S,2.690,100
1444,61.0,2025-09-23,2025-09-23 13:37:09,603229.SH,B,10.390,200
1445,61.0,2025-09-23,2025-09-23 13:37:08,600751.SH,S,4.620,1400
1446,59.0,2025-09-23,2025-09-23 13:37:08,600751.SH,S,4.620,900
1447,59.0,2025-09-23,2025-09-23 13:37:05,603328.SH,B,12.080,65
1448,59.0,2025-09-23,2025-09-23 13:37:05,603328.SH,B,12.080,35
1449,59.0,2025-09-23,2025-09-23 13:36:57,002374.SZ,B,2.810,200
1450,58.0,2025-09-23,2025-09-23 13:36:57,002374.SZ,B,2.810,700
1451,58.0,2025-09-23,2025-09-23 13:36:56,001215.SZ,B,39.560,100
1452,61.0,2025-09-23,2025-09-23 13:36:57,002374.SZ,B,2.810,900
1453,58.0,2025-09-23,2025-09-23 13:36:55,605287.SH,B,20.760,100
1454,58.0,2025-09-23,2025-09-23 13:36:55,605287.SH,B,20.760,100
1455,58.0,2025-09-23,2025-09-23 13:36:55,605287.SH,B,20.760,100
1456,58.0,2025-09-23,2025-09-23 13:36:55,605287.SH,B,20.760,100
1457,61.0,2025-09-23,2025-09-23 13:36:55,002403.SZ,B,14.840,200
1458,61.0,2025-09-23,2025-09-23 13:36:55,002403.SZ,B,14.840,300
1459,59.0,2025-09-23,2025-09-23 13:36:54,605287.SH,B,20.760,100
1460,58.0,2025-09-23,2025-09-23 13:36:54,600192.SH,B,9.160,200
1461,61.0,2025-09-23,2025-09-23 13:36:54,603083.SH,S,114.070,100
1462,61.0,2025-09-23,2025-09-23 13:36:48,002284.SZ,S,12.920,100
1463,58.0,2025-09-23,2025-09-23 13:36:47,300772.SZ,S,17.860,400
1464,58.0,2025-09-23,2025-09-23 13:36:44,000753.SZ,B,7.120,200
1465,58.0,2025-09-23,2025-09-23 13:36:43,300772.SZ,S,17.860,300
1466,58.0,2025-09-23,2025-09-23 13:36:41,601975.SH,S,3.050,100
1467,58.0,2025-09-23,2025-09-23 13:36:36,300772.SZ,S,17.860,100
1468,59.0,2025-09-23,2025-09-23 13:36:28,300736.SZ,S,13.280,100
1469,58.0,2025-09-23,2025-09-23 13:36:26,002622.SZ,S,3.990,100
1470,61.0,2025-09-23,2025-09-23 13:36:24,603680.SH,S,12.280,100
1471,61.0,2025-09-23,2025-09-23 13:36:18,000753.SZ,B,7.120,400
1472,58.0,2025-09-23,2025-09-23 13:36:13,002627.SZ,B,6.350,400
1473,52.0,2025-09-23,2025-09-23 13:36:13,002627.SZ,B,6.350,400
1474,58.0,2025-09-23,2025-09-23 13:36:11,601208.SH,B,21.970,400
1475,61.0,2025-09-23,2025-09-23 13:36:07,605303.SH,B,16.030,100
1476,58.0,2025-09-23,2025-09-23 13:36:03,603051.SH,B,22.710,100
1477,58.0,2025-09-23,2025-09-23 13:36:02,300485.SZ,S,11.380,100
1478,61.0,2025-09-23,2025-09-23 13:35:59,000757.SZ,S,5.250,100
1479,61.0,2025-09-23,2025-09-23 13:35:52,000061.SZ,S,8.460,100
1480,52.0,2025-09-23,2025-09-23 13:35:51,605287.SH,B,20.770,400
1481,58.0,2025-09-23,2025-09-23 13:35:45,002317.SZ,B,17.570,700
1482,58.0,2025-09-23,2025-09-23 13:35:37,002971.SZ,B,30.950,100
1483,52.0,2025-09-23,2025-09-23 13:35:31,002317.SZ,B,17.570,400
1484,52.0,2025-09-23,2025-09-23 13:35:19,603766.SH,S,12.050,100
1485,58.0,2025-09-23,2025-09-23 13:35:07,002501.SZ,B,2.490,700
1486,52.0,2025-09-23,2025-09-23 13:35:06,002501.SZ,B,2.490,400
1487,58.0,2025-09-23,2025-09-23 13:35:03,603229.SH,B,10.420,100
1488,61.0,2025-09-23,2025-09-23 13:34:59,603381.SH,B,24.040,200
1489,61.0,2025-09-23,2025-09-23 13:34:51,600545.SH,S,2.920,100
1490,61.0,2025-09-23,2025-09-23 13:34:36,600864.SH,S,7.040,100
1491,58.0,2025-09-23,2025-09-23 13:34:35,300345.SZ,S,6.560,100
1492,61.0,2025-09-23,2025-09-23 13:34:36,600052.SH,B,5.250,600
1493,52.0,2025-09-23,2025-09-23 13:34:35,300345.SZ,S,6.560,100
1494,58.0,2025-09-23,2025-09-23 13:34:33,002431.SZ,B,2.410,200
1495,61.0,2025-09-23,2025-09-23 13:34:29,600834.SH,S,8.430,100
1496,61.0,2025-09-23,2025-09-23 13:34:25,600192.SH,B,9.180,500
1497,58.0,2025-09-23,2025-09-23 13:34:12,300736.SZ,S,13.310,200
1498,58.0,2025-09-23,2025-09-23 13:34:11,002354.SZ,S,6.900,100
1499,58.0,2025-09-23,2025-09-23 13:34:08,002534.SZ,B,16.140,100
1500,58.0,2025-09-23,2025-09-23 13:34:05,603829.SH,B,22.190,100
1501,52.0,2025-09-23,2025-09-23 13:33:10,600751.SH,S,4.630,600
1502,61.0,2025-09-23,2025-09-23 13:33:55,301015.SZ,S,27.620,100
1503,59.0,2025-09-23,2025-09-23 13:33:51,300345.SZ,S,6.570,100
1504,58.0,2025-09-23,2025-09-23 13:33:50,002938.SZ,B,61.100,100
1505,52.0,2025-09-23,2025-09-23 13:31:18,002330.SZ,B,4.850,200
1506,58.0,2025-09-23,2025-09-23 13:33:42,002256.SZ,B,3.010,1200
1507,58.0,2025-09-23,2025-09-23 13:33:42,002256.SZ,B,3.010,100
1508,61.0,2025-09-23,2025-09-23 13:33:42,002256.SZ,B,3.010,100
1509,61.0,2025-09-23,2025-09-23 13:33:42,002256.SZ,B,3.010,300
1510,61.0,2025-09-23,2025-09-23 13:33:42,002256.SZ,B,3.010,200
1511,61.0,2025-09-23,2025-09-23 13:33:42,002256.SZ,B,3.010,200
1512,58.0,2025-09-23,2025-09-23 13:33:40,603381.SH,B,24.060,100
1513,58.0,2025-09-23,2025-09-23 13:33:37,600171.SH,B,35.730,100
1514,61.0,2025-09-23,2025-09-23 13:33:36,002356.SZ,S,3.590,100
1515,61.0,2025-09-23,2025-09-23 13:33:34,300478.SZ,B,24.800,100
1516,59.0,2025-09-23,2025-09-23 13:33:26,000056.SZ,S,2.680,500
1517,61.0,2025-09-23,2025-09-23 13:33:24,002858.SZ,S,15.020,100
1518,58.0,2025-09-23,2025-09-23 13:33:21,603829.SH,B,22.190,300
1519,58.0,2025-09-23,2025-09-23 13:33:17,002506.SZ,S,2.470,100
1520,61.0,2025-09-23,2025-09-23 13:33:16,002055.SZ,S,7.890,100
1521,52.0,2025-09-23,2025-09-23 13:33:15,002126.SZ,B,41.710,100
1522,52.0,2025-09-23,2025-09-23 13:33:15,002126.SZ,B,41.710,100
1523,59.0,2025-09-23,2025-09-23 13:33:11,000926.SZ,B,2.600,1100
1524,58.0,2025-09-23,2025-09-23 13:33:10,002575.SZ,S,8.250,100
1525,61.0,2025-09-23,2025-09-23 13:33:11,000926.SZ,B,2.600,2000
1526,58.0,2025-09-23,2025-09-23 13:33:09,301125.SZ,S,20.370,100
1527,58.0,2025-09-23,2025-09-23 13:33:06,601958.SH,S,14.570,100
1528,58.0,2025-09-23,2025-09-23 13:33:06,603098.SH,S,14.290,100
1529,58.0,2025-09-23,2025-09-23 13:33:04,600684.SH,S,5.930,100
1530,58.0,2025-09-23,2025-09-23 13:33:04,000017.SZ,S,6.590,100
1531,61.0,2025-09-23,2025-09-23 13:33:03,600967.SH,S,18.580,100
1532,58.0,2025-09-23,2025-09-23 13:33:02,002786.SZ,B,9.230,200
1533,58.0,2025-09-23,2025-09-23 13:33:01,002445.SZ,S,2.690,100
1534,59.0,2025-09-23,2025-09-23 13:33:01,600192.SH,B,9.190,100
1535,58.0,2025-09-23,2025-09-23 13:33:00,601208.SH,B,22.050,500
1536,52.0,2025-09-23,2025-09-23 13:32:55,601208.SH,B,22.050,400
1537,61.0,2025-09-23,2025-09-23 13:32:56,600498.SH,S,27.570,100
1538,58.0,2025-09-23,2025-09-23 13:32:50,003029.SZ,B,23.760,100
1539,58.0,2025-09-23,2025-09-23 13:32:50,300658.SZ,S,8.220,100
1540,58.0,2025-09-23,2025-09-23 13:32:46,603613.SH,S,29.610,100
1541,61.0,2025-09-23,2025-09-23 13:32:44,600722.SH,B,6.260,500
1542,58.0,2025-09-23,2025-09-23 13:32:44,600722.SH,B,6.260,200
1543,59.0,2025-09-23,2025-09-23 13:32:44,600722.SH,B,6.260,100
1544,61.0,2025-09-23,2025-09-23 13:32:37,002448.SZ,S,10.870,100
1545,58.0,2025-09-23,2025-09-23 13:32:35,002448.SZ,S,10.870,100
1546,61.0,2025-09-23,2025-09-23 13:32:33,000659.SZ,B,2.810,3500
1547,61.0,2025-09-23,2025-09-23 13:32:33,000659.SZ,B,2.810,400
1548,58.0,2025-09-23,2025-09-23 13:32:33,000659.SZ,B,2.810,500
1549,58.0,2025-09-23,2025-09-23 13:32:33,000659.SZ,B,2.810,600
1550,59.0,2025-09-23,2025-09-23 13:32:33,000659.SZ,B,2.810,1300
1551,59.0,2025-09-23,2025-09-23 13:32:32,600595.SH,S,5.130,100
1552,52.0,2025-09-23,2025-09-23 13:31:35,000659.SZ,B,2.810,200
1553,52.0,2025-09-23,2025-09-23 13:31:35,000659.SZ,B,2.810,900
1554,58.0,2025-09-23,2025-09-23 13:32:28,002418.SZ,S,4.540,100
1555,59.0,2025-09-23,2025-09-23 13:32:23,002501.SZ,B,2.500,200
1556,61.0,2025-09-23,2025-09-23 13:32:23,002501.SZ,B,2.500,500
1557,61.0,2025-09-23,2025-09-23 13:32:21,601311.SH,S,10.610,100
1558,58.0,2025-09-23,2025-09-23 13:32:21,603278.SH,S,10.830,100
1559,61.0,2025-09-23,2025-09-23 13:32:21,600869.SH,S,7.640,100
1560,61.0,2025-09-23,2025-09-23 13:32:21,300164.SZ,B,5.210,600
1561,61.0,2025-09-23,2025-09-23 13:32:20,002842.SZ,S,10.060,100
1562,58.0,2025-09-23,2025-09-23 13:32:21,603328.SH,B,12.120,400
1563,61.0,2025-09-23,2025-09-23 13:32:21,300164.SZ,B,5.210,700
1564,52.0,2025-09-23,2025-09-23 13:32:19,600366.SH,S,13.900,100
1565,58.0,2025-09-23,2025-09-23 13:32:18,600366.SH,S,13.900,100
1566,61.0,2025-09-23,2025-09-23 13:32:18,002622.SZ,S,4.020,100
1567,58.0,2025-09-23,2025-09-23 13:32:16,002403.SZ,B,14.930,100
1568,58.0,2025-09-23,2025-09-23 13:32:16,002403.SZ,B,14.930,100
1569,58.0,2025-09-23,2025-09-23 13:32:16,002403.SZ,B,14.930,200
1570,61.0,2025-09-23,2025-09-23 13:32:13,000813.SZ,S,4.110,100
1571,52.0,2025-09-23,2025-09-23 13:31:18,000056.SZ,B,2.680,200
1572,61.0,2025-09-23,2025-09-23 13:32:12,002627.SZ,B,6.370,500
1573,61.0,2025-09-23,2025-09-23 13:32:07,002627.SZ,B,6.370,400
1574,58.0,2025-09-23,2025-09-23 13:32:06,002707.SZ,B,7.490,100
1575,52.0,2025-09-23,2025-09-23 13:32:05,603194.SH,S,43.200,100
1576,58.0,2025-09-23,2025-09-23 13:32:01,002248.SZ,B,10.260,100
1577,59.0,2025-09-23,2025-09-23 13:32:01,300164.SZ,B,5.210,200
1578,61.0,2025-09-23,2025-09-23 13:32:00,002552.SZ,S,16.180,100
1579,59.0,2025-09-23,2025-09-23 13:31:59,002707.SZ,B,7.490,100
1580,58.0,2025-09-23,2025-09-23 13:31:59,002707.SZ,B,7.490,100
1581,59.0,2025-09-23,2025-09-23 13:31:54,603381.SH,B,24.140,100
1582,52.0,2025-09-23,2025-09-23 13:31:51,002236.SZ,S,19.510,100
1583,58.0,2025-09-23,2025-09-23 13:31:51,002436.SZ,S,22.960,100
1584,59.0,2025-09-23,2025-09-23 13:31:50,600284.SH,S,9.460,100
1585,52.0,2025-09-23,2025-09-23 13:31:49,688472.SH,S,11.710,200
1586,52.0,2025-09-23,2025-09-23 13:31:49,000926.SZ,B,2.610,1200
1587,58.0,2025-09-23,2025-09-23 13:31:46,002805.SZ,B,13.200,200
1588,58.0,2025-09-23,2025-09-23 13:31:44,601218.SH,B,4.610,100
