,trade_id,fund_id,dealDate,dealTime,symbol,side,price,qty,s_info_windcode,direction,trade_dt,trade_time
0,0103000081572886,58,20250821,145653129,000980,2,2.440,1400,000980.SH,S,2025-08-21,14:56:53.129000
1,,51,20250821,145657139,600684,2,5.090,1400,600684.SZ,S,2025-08-21,14:56:57.139000
2,,51,20250821,145657139,601991,2,3.450,1300,601991.SZ,S,2025-08-21,14:56:57.139000
3,,52,20250821,145647000,000980,2,2.440,500,000980.SH,S,2025-08-21,14:56:47
4,,51,20250821,145641235,601212,2,3.370,1200,601212.SZ,S,2025-08-21,14:56:41.235000
5,,51,20250821,145635534,300643,1,26.190,200,300643.SH,B,2025-08-21,14:56:35.534000
6,,51,20250821,145635433,601360,2,11.170,300,601360.SZ,S,2025-08-21,14:56:35.433000
7,0000000064474556,44,20250821,145629976,601838,2,18.270,100,601838.SZ,S,2025-08-21,14:56:29.976000
8,0000000064475012,44,20250821,145630051,605090,2,29.060,300,605090.SZ,S,2025-08-21,14:56:30.051000
9,0102000079677230,44,20250821,145629974,300244,2,16.200,300,300244.SH,S,2025-08-21,14:56:29.974000
10,0000000064469226,60,20250821,145629267,600096,2,26.600,100,600096.SZ,S,2025-08-21,14:56:29.267000
11,0000000064475341,60,20250821,145630056,600036,2,43.440,400,600036.SZ,S,2025-08-21,14:56:30.056000
12,0102000079671855,60,20250821,145629330,300498,2,17.630,300,300498.SH,S,2025-08-21,14:56:29.330000
13,1021779282102848300,57,20250821,145629590,000893,2,32.380,300,000893.SH,S,2025-08-21,14:56:29.590000
14,1021779282102863700,57,20250821,145629755,600926,2,16.350,500,600926.SZ,S,2025-08-21,14:56:29.755000
15,1021779282102855800,57,20250821,145629674,600096,2,26.600,100,600096.SZ,S,2025-08-21,14:56:29.674000
16,1021779282102855700,57,20250821,145629674,600096,2,26.600,500,600096.SZ,S,2025-08-21,14:56:29.674000
17,1021779282102855600,57,20250821,145629673,600096,2,26.600,100,600096.SZ,S,2025-08-21,14:56:29.673000
18,,51,20250821,145633333,603590,2,53.470,100,603590.SZ,S,2025-08-21,14:56:33.333000
19,,51,20250821,145633333,000997,2,30.680,100,000997.SH,S,2025-08-21,14:56:33.333000
20,0105000079556804,44,20250821,145629046,300119,2,23.400,200,300119.SH,S,2025-08-21,14:56:29.046000
21,0105000079556620,44,20250821,145629019,002946,2,17.830,300,002946.SH,S,2025-08-21,14:56:29.019000
22,0102000079659831,58,20250821,145627960,002020,2,19.520,300,002020.SH,S,2025-08-21,14:56:27.960000
23,,51,20250821,145631133,002436,2,16.930,700,002436.SH,S,2025-08-21,14:56:31.133000
24,0000000064445055,44,20250821,145626029,600873,2,11.060,500,600873.SZ,S,2025-08-21,14:56:26.029000
25,,51,20250821,145629133,002792,2,18.240,500,002792.SH,S,2025-08-21,14:56:29.133000
26,,51,20250821,145629033,600019,2,7.180,100,600019.SZ,S,2025-08-21,14:56:29.033000
27,,51,20250821,145628333,002517,2,20.850,500,002517.SH,S,2025-08-21,14:56:28.333000
28,0101000080876985,58,20250821,145623024,300237,2,2.540,3700,300237.SH,S,2025-08-21,14:56:23.024000
29,0105000079508502,58,20250821,145623046,300871,2,23.530,100,300871.SH,S,2025-08-21,14:56:23.046000
30,,51,20250821,145627133,002102,2,4.150,1000,002102.SH,S,2025-08-21,14:56:27.133000
31,0000000064418613,58,20250821,145622073,600168,2,4.870,1000,600168.SZ,S,2025-08-21,14:56:22.073000
32,,51,20250821,145626032,300291,2,6.600,700,300291.SH,S,2025-08-21,14:56:26.032000
33,0000000064413845,61,20250821,145621429,600168,2,4.870,900,600168.SZ,S,2025-08-21,14:56:21.429000
34,,51,20250821,145625632,600795,1,4.800,5700,600795.SZ,B,2025-08-21,14:56:25.632000
35,,51,20250821,145625632,300246,2,9.590,1000,300246.SH,S,2025-08-21,14:56:25.632000
36,,51,20250821,145625632,300263,2,8.820,1000,300263.SH,S,2025-08-21,14:56:25.632000
37,,51,20250821,145625632,300375,2,5.780,1200,300375.SH,S,2025-08-21,14:56:25.632000
38,,51,20250821,145625632,300291,2,6.600,100,300291.SH,S,2025-08-21,14:56:25.632000
39,,51,20250821,145625531,002332,2,11.570,900,002332.SH,S,2025-08-21,14:56:25.531000
40,,51,20250821,145625531,600330,2,8.760,1700,600330.SZ,S,2025-08-21,14:56:25.531000
41,,51,20250821,145625531,300291,2,6.600,200,300291.SH,S,2025-08-21,14:56:25.531000
42,0101000080853016,58,20250821,145620024,300237,2,2.540,3800,300237.SH,S,2025-08-21,14:56:20.024000
43,,51,20250821,145624129,600653,1,2.030,2700,600653.SZ,B,2025-08-21,14:56:24.129000
44,,51,20250821,145624129,000987,2,7.870,1200,000987.SH,S,2025-08-21,14:56:24.129000
45,,51,20250821,145624128,002516,2,5.640,900,002516.SH,S,2025-08-21,14:56:24.128000
46,,51,20250821,145624128,600301,1,27.370,500,600301.SZ,B,2025-08-21,14:56:24.128000
47,,51,20250821,145624129,002759,2,10.180,500,002759.SH,S,2025-08-21,14:56:24.129000
48,,51,20250821,145623727,603228,2,54.150,100,603228.SZ,S,2025-08-21,14:56:23.727000
49,,51,20250821,145623327,300174,2,18.020,500,300174.SH,S,2025-08-21,14:56:23.327000
50,,52,20250821,145619000,001896,2,5.720,200,001896.SH,S,2025-08-21,14:56:19
51,,52,20250821,145619000,300237,2,2.540,2200,300237.SH,S,2025-08-21,14:56:19
52,,51,20250821,145622978,601933,1,4.940,4300,601933.SZ,B,2025-08-21,14:56:22.978000
53,,51,20250821,145622378,002653,1,58.750,100,002653.SH,B,2025-08-21,14:56:22.378000
54,,51,20250821,145622278,600143,2,15.940,300,600143.SZ,S,2025-08-21,14:56:22.278000
55,,51,20250821,145622278,002174,2,16.570,100,002174.SH,S,2025-08-21,14:56:22.278000
56,,51,20250821,145622178,600795,1,4.800,5800,600795.SZ,B,2025-08-21,14:56:22.178000
57,,51,20250821,145622178,600351,2,7.390,200,600351.SZ,S,2025-08-21,14:56:22.178000
58,,51,20250821,145622178,601728,1,7.530,3500,601728.SZ,B,2025-08-21,14:56:22.178000
59,,51,20250821,145622077,601600,2,7.650,600,601600.SZ,S,2025-08-21,14:56:22.077000
60,,51,20250821,145621176,300993,2,17.430,200,300993.SH,S,2025-08-21,14:56:21.176000
61,,51,20250821,145620276,002558,2,29.910,200,002558.SH,S,2025-08-21,14:56:20.276000
62,,51,20250821,145620176,300631,1,34.530,100,300631.SH,B,2025-08-21,14:56:20.176000
63,,51,20250821,145620176,603669,2,5.700,200,603669.SZ,S,2025-08-21,14:56:20.176000
64,,51,20250821,145620176,688609,2,11.630,448,688609.SZ,S,2025-08-21,14:56:20.176000
65,,51,20250821,145620076,603773,2,30.640,100,603773.SZ,S,2025-08-21,14:56:20.076000
66,0104000077996600,61,20250821,145615990,000045,2,11.530,400,000045.SH,S,2025-08-21,14:56:15.990000
67,0000000064366483,61,20250821,145615368,600020,2,4.470,100,600020.SZ,S,2025-08-21,14:56:15.368000
68,,51,20250821,145619775,603115,1,17.870,200,603115.SZ,B,2025-08-21,14:56:19.775000
69,0104000077990330,59,20250821,145615000,000676,2,9.880,100,000676.SH,S,2025-08-21,14:56:15
70,,51,20250821,145619275,002414,1,12.400,145,002414.SH,B,2025-08-21,14:56:19.275000
71,0104000077988188,58,20250821,145615098,000676,2,9.880,400,000676.SH,S,2025-08-21,14:56:15.098000
72,0000000064363922,58,20250821,145615085,603978,2,17.050,100,603978.SZ,S,2025-08-21,14:56:15.085000
73,0000000064363809,58,20250821,145615082,603993,2,11.040,700,603993.SZ,S,2025-08-21,14:56:15.082000
74,0103000081278384,58,20250821,145615101,301171,2,32.430,100,301171.SH,S,2025-08-21,14:56:15.101000
75,0103000081276776,58,20250821,145614903,002558,2,29.920,100,002558.SH,S,2025-08-21,14:56:14.903000
76,,51,20250821,145619175,002356,1,3.320,1900,002356.SH,B,2025-08-21,14:56:19.175000
77,,51,20250821,145619175,002044,2,5.730,200,002044.SH,S,2025-08-21,14:56:19.175000
78,,51,20250821,145619075,601728,1,7.530,3600,601728.SZ,B,2025-08-21,14:56:19.075000
79,,51,20250821,145619075,600769,2,11.390,400,600769.SZ,S,2025-08-21,14:56:19.075000
80,,51,20250821,145619074,688280,2,8.270,200,688280.SZ,S,2025-08-21,14:56:19.074000
81,,51,20250821,145618874,002414,1,12.400,155,002414.SH,B,2025-08-21,14:56:18.874000
82,0000000064361690,59,20250821,145614000,688403,1,14.020,520,688403.SZ,B,2025-08-21,14:56:14
83,,51,20250821,145618474,002267,2,8.970,100,002267.SH,S,2025-08-21,14:56:18.474000
84,,51,20250821,145618474,002516,2,5.640,900,002516.SH,S,2025-08-21,14:56:18.474000
85,,51,20250821,145618474,002121,2,7.060,100,002121.SH,S,2025-08-21,14:56:18.474000
86,,51,20250821,145618474,001896,2,5.720,600,001896.SH,S,2025-08-21,14:56:18.474000
87,,51,20250821,145618474,300009,2,11.600,300,300009.SH,S,2025-08-21,14:56:18.474000
88,,51,20250821,145618474,000677,2,5.610,100,000677.SH,S,2025-08-21,14:56:18.474000
89,,51,20250821,145618474,002068,2,11.330,400,002068.SH,S,2025-08-21,14:56:18.474000
90,,51,20250821,145618473,002267,2,8.970,200,002267.SH,S,2025-08-21,14:56:18.473000
91,,51,20250821,145618473,600653,1,2.030,2700,600653.SZ,B,2025-08-21,14:56:18.473000
92,,51,20250821,145618474,300174,2,18.020,600,300174.SH,S,2025-08-21,14:56:18.474000
93,,51,20250821,145618474,600547,2,30.530,100,600547.SZ,S,2025-08-21,14:56:18.474000
94,,51,20250821,145618473,603500,2,12.140,100,603500.SZ,S,2025-08-21,14:56:18.473000
95,,51,20250821,145618472,603535,2,12.370,100,603535.SZ,S,2025-08-21,14:56:18.472000
96,,51,20250821,145618473,300383,2,15.310,300,300383.SH,S,2025-08-21,14:56:18.473000
97,,51,20250821,145618472,001331,2,12.420,100,001331.SH,S,2025-08-21,14:56:18.472000
98,,51,20250821,145618473,000987,2,7.870,1200,000987.SH,S,2025-08-21,14:56:18.473000
99,,51,20250821,145618473,603936,2,11.220,100,603936.SZ,S,2025-08-21,14:56:18.473000
100,,51,20250821,145618472,300697,2,15.330,100,300697.SH,S,2025-08-21,14:56:18.472000
101,,51,20250821,145618472,601898,2,12.130,600,601898.SZ,S,2025-08-21,14:56:18.472000
102,,51,20250821,145618471,000958,2,6.990,200,000958.SH,S,2025-08-21,14:56:18.471000
103,,51,20250821,145618471,603500,2,12.140,300,603500.SZ,S,2025-08-21,14:56:18.471000
104,,51,20250821,145618471,601009,2,11.380,300,601009.SZ,S,2025-08-21,14:56:18.471000
105,,51,20250821,145618471,002759,2,10.180,600,002759.SH,S,2025-08-21,14:56:18.471000
106,,51,20250821,145618471,603950,2,27.930,100,603950.SZ,S,2025-08-21,14:56:18.471000
107,,51,20250821,145618470,601390,2,5.720,300,601390.SZ,S,2025-08-21,14:56:18.470000
108,,51,20250821,145618471,603229,2,11.610,500,603229.SZ,S,2025-08-21,14:56:18.471000
109,,51,20250821,145618471,300299,2,7.710,100,300299.SH,S,2025-08-21,14:56:18.471000
110,,51,20250821,145618471,000006,1,7.370,800,000006.SH,B,2025-08-21,14:56:18.471000
111,,51,20250821,145618470,301256,2,11.120,100,301256.SH,S,2025-08-21,14:56:18.470000
112,,52,20250821,145614000,603993,2,11.040,700,603993.SZ,S,2025-08-21,14:56:14
113,,52,20250821,145614000,002516,2,5.640,200,002516.SH,S,2025-08-21,14:56:14
114,,52,20250821,145614000,600010,2,2.670,400,600010.SZ,S,2025-08-21,14:56:14
115,0103000081271168,58,20250821,145614098,002558,2,29.920,100,002558.SH,S,2025-08-21,14:56:14.098000
116,0104000077973542,59,20250821,145613000,300432,1,15.450,400,300432.SH,B,2025-08-21,14:56:13
117,,52,20250821,145613000,002558,2,29.920,200,002558.SH,S,2025-08-21,14:56:13
118,,51,20250821,145617146,603317,2,12.190,100,603317.SZ,S,2025-08-21,14:56:17.146000
119,,51,20250821,145617146,301029,2,26.660,100,301029.SH,S,2025-08-21,14:56:17.146000
120,,51,20250821,145617146,002738,2,40.660,100,002738.SH,S,2025-08-21,14:56:17.146000
121,,51,20250821,145617146,301029,2,26.660,100,301029.SH,S,2025-08-21,14:56:17.146000
122,,51,20250821,145617046,603115,1,17.870,100,603115.SZ,B,2025-08-21,14:56:17.046000
123,,51,20250821,145616946,002263,2,3.740,300,002263.SH,S,2025-08-21,14:56:16.946000
124,0104000077964640,61,20250821,145612340,000045,2,11.530,400,000045.SH,S,2025-08-21,14:56:12.340000
125,0104000077964016,59,20250821,145612000,000045,2,11.530,300,000045.SH,S,2025-08-21,14:56:12
126,,51,20250821,145616446,002353,2,46.180,100,002353.SH,S,2025-08-21,14:56:16.446000
127,,51,20250821,145616146,002941,2,15.140,400,002941.SH,S,2025-08-21,14:56:16.146000
128,,51,20250821,145616146,002913,2,38.200,200,002913.SH,S,2025-08-21,14:56:16.146000
129,,51,20250821,145616046,000045,2,11.530,200,000045.SH,S,2025-08-21,14:56:16.046000
130,,51,20250821,145615443,603538,2,27.120,100,603538.SZ,S,2025-08-21,14:56:15.443000
131,,51,20250821,145615343,603115,1,17.870,100,603115.SZ,B,2025-08-21,14:56:15.343000
132,,51,20250821,145614343,000887,2,21.760,100,000887.SH,S,2025-08-21,14:56:14.343000
133,,51,20250821,145614243,600988,2,24.220,100,600988.SZ,S,2025-08-21,14:56:14.243000
134,0000000064326000,58,20250821,145610069,688403,1,14.050,613,688403.SZ,B,2025-08-21,14:56:10.069000
135,,51,20250821,145614142,688609,2,11.630,400,688609.SZ,S,2025-08-21,14:56:14.142000
136,,51,20250821,145614142,002394,1,10.670,600,002394.SH,B,2025-08-21,14:56:14.142000
137,,51,20250821,145614142,603993,2,11.040,2500,603993.SZ,S,2025-08-21,14:56:14.142000
138,,51,20250821,145614142,603659,2,18.350,100,603659.SZ,S,2025-08-21,14:56:14.142000
139,,51,20250821,145613842,601881,2,18.040,500,601881.SZ,S,2025-08-21,14:56:13.842000
140,,51,20250821,145613742,603115,1,17.870,200,603115.SZ,B,2025-08-21,14:56:13.742000
141,,51,20250821,145613542,603115,1,17.880,100,603115.SZ,B,2025-08-21,14:56:13.542000
142,,51,20250821,145613442,603115,1,17.880,200,603115.SZ,B,2025-08-21,14:56:13.442000
143,,51,20250821,145613342,002294,2,51.300,200,002294.SH,S,2025-08-21,14:56:13.342000
144,,51,20250821,145613342,002020,2,19.530,300,002020.SH,S,2025-08-21,14:56:13.342000
145,,51,20250821,145613342,002080,2,32.060,100,002080.SH,S,2025-08-21,14:56:13.342000
146,0105000079392381,58,20250821,145608957,300813,2,26.680,400,300813.SH,S,2025-08-21,14:56:08.957000
147,,51,20250821,145613142,002236,2,18.220,300,002236.SH,S,2025-08-21,14:56:13.142000
148,,51,20250821,145612942,600808,2,3.740,1200,600808.SZ,S,2025-08-21,14:56:12.942000
149,,51,20250821,145612342,301509,2,43.930,200,301509.SH,S,2025-08-21,14:56:12.342000
150,0000000064314629,58,20250821,145608491,600593,2,32.810,300,600593.SZ,S,2025-08-21,14:56:08.491000
151,0102000079494343,58,20250821,145608124,300170,1,19.280,300,300170.SH,B,2025-08-21,14:56:08.124000
152,,51,20250821,145612142,605138,2,8.170,100,605138.SZ,S,2025-08-21,14:56:12.142000
153,,51,20250821,145612142,002049,2,80.470,500,002049.SH,S,2025-08-21,14:56:12.142000
154,0104000077920799,61,20250821,145607300,002332,2,11.570,800,002332.SH,S,2025-08-21,14:56:07.300000
155,0000000064314628,61,20250821,145608453,600593,2,32.810,300,600593.SZ,S,2025-08-21,14:56:08.453000
156,0105000079378571,61,20250821,145607270,300813,2,26.680,100,300813.SH,S,2025-08-21,14:56:07.270000
157,0000000064306007,61,20250821,145607295,603978,2,17.070,100,603978.SZ,S,2025-08-21,14:56:07.295000
158,0105000079378569,61,20250821,145607270,300813,2,26.680,200,300813.SH,S,2025-08-21,14:56:07.270000
159,0104000077920873,59,20250821,145607000,002332,2,11.570,300,002332.SH,S,2025-08-21,14:56:07
160,0105000079376375,58,20250821,145606992,000795,1,11.930,600,000795.SH,B,2025-08-21,14:56:06.992000
161,,51,20250821,145611142,000021,2,20.530,900,000021.SH,S,2025-08-21,14:56:11.142000
162,,51,20250821,145611142,600233,1,18.010,600,600233.SZ,B,2025-08-21,14:56:11.142000
163,,51,20250821,145611142,300483,2,12.470,400,300483.SH,S,2025-08-21,14:56:11.142000
164,,51,20250821,145611042,002945,2,16.840,700,002945.SH,S,2025-08-21,14:56:11.042000
165,,51,20250821,145611042,600545,2,2.670,300,600545.SZ,S,2025-08-21,14:56:11.042000
166,,51,20250821,145611042,300942,2,13.030,400,300942.SH,S,2025-08-21,14:56:11.042000
167,,51,20250821,145611042,002945,2,16.840,300,002945.SH,S,2025-08-21,14:56:11.042000
168,0000000064301452,61,20250821,145606608,600593,2,32.840,100,600593.SZ,S,2025-08-21,14:56:06.608000
169,,51,20250821,145610142,000933,2,18.880,200,000933.SH,S,2025-08-21,14:56:10.142000
170,0000000064290065,61,20250821,145605257,603993,2,11.040,800,603993.SZ,S,2025-08-21,14:56:05.257000
171,0000000064294836,61,20250821,145605817,600593,2,32.840,100,600593.SZ,S,2025-08-21,14:56:05.817000
172,,51,20250821,145609142,300157,2,5.560,700,300157.SH,S,2025-08-21,14:56:09.142000
173,,51,20250821,145609042,002852,2,11.840,100,002852.SH,S,2025-08-21,14:56:09.042000
174,0000000064282536,59,20250821,145604000,603993,2,11.040,400,603993.SZ,S,2025-08-21,14:56:04
175,,51,20250821,145608642,300432,1,15.440,200,300432.SH,B,2025-08-21,14:56:08.642000
176,,51,20250821,145608342,002846,2,16.380,100,002846.SH,S,2025-08-21,14:56:08.342000
177,,51,20250821,145608342,600259,2,63.250,200,600259.SZ,S,2025-08-21,14:56:08.342000
178,,51,20250821,145608242,002980,2,25.930,100,002980.SH,S,2025-08-21,14:56:08.242000
179,,51,20250821,145607642,002245,2,17.300,1500,002245.SH,S,2025-08-21,14:56:07.642000
180,,51,20250821,145607142,688382,2,41.220,621,688382.SZ,S,2025-08-21,14:56:07.142000
181,,51,20250821,145607042,000967,2,7.380,500,000967.SH,S,2025-08-21,14:56:07.042000
182,,51,20250821,145607042,603926,2,13.990,1300,603926.SZ,S,2025-08-21,14:56:07.042000
183,0000000064266820,59,20250821,145602000,600593,2,32.820,200,600593.SZ,S,2025-08-21,14:56:02
184,,51,20250821,145606242,600292,2,12.430,100,600292.SZ,S,2025-08-21,14:56:06.242000
185,0103000081168506,61,20250821,145601520,000603,2,16.120,500,000603.SH,S,2025-08-21,14:56:01.520000
186,,51,20250821,145605342,601818,2,3.980,1100,601818.SZ,S,2025-08-21,14:56:05.342000
187,0103000081149596,61,20250821,145600240,000420,2,4.520,1000,000420.SH,S,2025-08-21,14:56:00.240000
188,1021779282102682800,57,20250821,145600620,000709,2,2.400,6900,000709.SH,S,2025-08-21,14:56:00.620000
189,0102000079415429,59,20250821,145600000,300170,1,19.280,400,300170.SH,B,2025-08-21,14:56:00
190,,51,20250821,145604242,002798,1,7.270,1900,002798.SH,B,2025-08-21,14:56:04.242000
191,,51,20250821,145604142,603456,2,18.450,100,603456.SZ,S,2025-08-21,14:56:04.142000
192,,51,20250821,145604141,002468,2,19.380,400,002468.SH,S,2025-08-21,14:56:04.141000
193,,51,20250821,145604142,000963,2,45.710,300,000963.SH,S,2025-08-21,14:56:04.142000
194,,51,20250821,145604142,600221,2,1.560,1900,600221.SZ,S,2025-08-21,14:56:04.142000
195,,51,20250821,145604142,002244,2,10.200,100,002244.SH,S,2025-08-21,14:56:04.142000
196,,51,20250821,145604141,603680,2,13.400,100,603680.SZ,S,2025-08-21,14:56:04.141000
197,,51,20250821,145604141,000426,2,19.820,300,000426.SH,S,2025-08-21,14:56:04.141000
198,,51,20250821,145604141,300031,2,26.360,100,300031.SH,S,2025-08-21,14:56:04.141000
199,,51,20250821,145604041,600487,2,18.230,200,600487.SZ,S,2025-08-21,14:56:04.041000
200,,51,20250821,145604040,002130,2,24.890,400,002130.SH,S,2025-08-21,14:56:04.040000
201,,51,20250821,145604040,300485,2,14.190,200,300485.SH,S,2025-08-21,14:56:04.040000
202,,51,20250821,145603639,300413,2,25.500,300,300413.SH,S,2025-08-21,14:56:03.639000
203,,51,20250821,145603539,300413,2,25.500,300,300413.SH,S,2025-08-21,14:56:03.539000
204,,51,20250821,145559939,002102,2,4.160,400,002102.SH,S,2025-08-21,14:55:59.939000
205,,51,20250821,145559339,601958,2,13.780,100,601958.SZ,S,2025-08-21,14:55:59.339000
206,,51,20250821,145559039,600905,1,4.270,4600,600905.SZ,B,2025-08-21,14:55:59.039000
207,,51,20250821,145558239,002102,2,4.160,400,002102.SH,S,2025-08-21,14:55:58.239000
208,,51,20250821,145557039,600721,2,8.650,300,600721.SZ,S,2025-08-21,14:55:57.039000
209,0000000064195042,61,20250821,145552313,600392,2,23.260,100,600392.SZ,S,2025-08-21,14:55:52.313000
210,,51,20250821,145556739,600392,2,23.270,700,600392.SZ,S,2025-08-21,14:55:56.739000
211,,51,20250821,145555521,300739,2,17.060,100,300739.SH,S,2025-08-21,14:55:55.521000
212,,51,20250821,145555321,002011,2,13.310,500,002011.SH,S,2025-08-21,14:55:55.321000
213,,51,20250821,145553721,000528,2,11.290,100,000528.SH,S,2025-08-21,14:55:53.721000
214,,51,20250821,145552721,601229,2,9.990,300,601229.SZ,S,2025-08-21,14:55:52.721000
215,,51,20250821,145552321,600673,1,18.340,200,600673.SZ,B,2025-08-21,14:55:52.321000
216,,51,20250821,145552221,002738,2,40.670,100,002738.SH,S,2025-08-21,14:55:52.221000
217,,51,20250821,145551821,300952,2,29.220,400,300952.SH,S,2025-08-21,14:55:51.821000
218,0103000081049795,59,20250821,145545000,000603,2,16.130,200,000603.SH,S,2025-08-21,14:55:45
219,,51,20250821,145548321,601688,2,21.340,200,601688.SZ,S,2025-08-21,14:55:48.321000
220,,51,20250821,145546120,603798,1,13.550,1100,603798.SZ,B,2025-08-21,14:55:46.120000
221,,51,20250821,145545320,002564,2,7.810,100,002564.SH,S,2025-08-21,14:55:45.320000
222,,51,20250821,145541820,601231,1,18.390,500,601231.SZ,B,2025-08-21,14:55:41.820000
223,,51,20250821,145541620,300551,2,12.340,100,300551.SH,S,2025-08-21,14:55:41.620000
224,,51,20250821,145540420,002065,2,10.090,100,002065.SH,S,2025-08-21,14:55:40.420000
225,,51,20250821,145538820,300551,2,12.340,300,300551.SH,S,2025-08-21,14:55:38.820000
226,,51,20250821,145538220,002246,2,18.600,200,002246.SH,S,2025-08-21,14:55:38.220000
227,,51,20250821,145537120,002246,2,18.600,100,002246.SH,S,2025-08-21,14:55:37.120000
228,,51,20250821,145537120,002373,2,11.980,300,002373.SH,S,2025-08-21,14:55:37.120000
229,0102000079214641,59,20250821,145532000,002324,2,14.380,100,002324.SH,S,2025-08-21,14:55:32
230,,51,20250821,145536220,603606,2,52.410,100,603606.SZ,S,2025-08-21,14:55:36.220000
231,0102000079214647,61,20250821,145532390,002324,2,14.380,400,002324.SH,S,2025-08-21,14:55:32.390000
232,0000000064068094,61,20250821,145531829,600593,2,32.860,100,600593.SZ,S,2025-08-21,14:55:31.829000
233,,51,20250821,145535420,688007,1,19.170,428,688007.SZ,B,2025-08-21,14:55:35.420000
234,,51,20250821,145533320,002798,1,7.280,1800,002798.SH,B,2025-08-21,14:55:33.320000
235,,51,20250821,145532520,600800,2,4.700,100,600800.SZ,S,2025-08-21,14:55:32.520000
236,,51,20250821,145532020,002512,1,4.050,200,002512.SH,B,2025-08-21,14:55:32.020000
237,,51,20250821,145531120,000989,2,11.980,400,000989.SH,S,2025-08-21,14:55:31.120000
238,,51,20250821,145531020,002945,2,16.840,500,002945.SH,S,2025-08-21,14:55:31.020000
239,,51,20250821,145531020,300251,2,20.060,100,300251.SH,S,2025-08-21,14:55:31.020000
240,,51,20250821,145531020,688277,2,19.490,633,688277.SZ,S,2025-08-21,14:55:31.020000
241,,51,20250821,145528119,300707,2,15.980,400,300707.SH,S,2025-08-21,14:55:28.119000
242,,51,20250821,145526419,002512,1,4.050,800,002512.SH,B,2025-08-21,14:55:26.419000
243,,51,20250821,145525719,600673,1,18.400,300,600673.SZ,B,2025-08-21,14:55:25.719000
244,,51,20250821,145525619,600673,1,18.400,300,600673.SZ,B,2025-08-21,14:55:25.619000
245,,51,20250821,145524719,300103,2,7.830,900,300103.SH,S,2025-08-21,14:55:24.719000
246,,51,20250821,145524719,002512,1,4.050,600,002512.SH,B,2025-08-21,14:55:24.719000
247,,51,20250821,145523019,600673,1,18.400,500,600673.SZ,B,2025-08-21,14:55:23.019000
248,0104000077537495,58,20250821,145517988,002332,2,11.570,300,002332.SH,S,2025-08-21,14:55:17.988000
249,,51,20250821,145519619,002629,2,7.170,800,002629.SH,S,2025-08-21,14:55:19.619000
250,,51,20250821,145519419,603187,2,13.920,400,603187.SZ,S,2025-08-21,14:55:19.419000
251,,51,20250821,145519419,603187,2,13.920,1800,603187.SZ,S,2025-08-21,14:55:19.419000
252,,51,20250821,145518319,002295,2,10.970,100,002295.SH,S,2025-08-21,14:55:18.319000
253,,51,20250821,145517319,300996,2,19.570,200,300996.SH,S,2025-08-21,14:55:17.319000
254,,51,20250821,145517119,603367,1,29.950,200,603367.SZ,B,2025-08-21,14:55:17.119000
255,,51,20250821,145516518,300103,2,7.830,200,300103.SH,S,2025-08-21,14:55:16.518000
256,,51,20250821,145516018,600329,2,46.180,100,600329.SZ,S,2025-08-21,14:55:16.018000
257,,51,20250821,145515918,002234,2,9.030,200,002234.SH,S,2025-08-21,14:55:15.918000
258,,51,20250821,145515418,600329,2,46.180,100,600329.SZ,S,2025-08-21,14:55:15.418000
259,,51,20250821,145515318,600329,2,46.180,100,600329.SZ,S,2025-08-21,14:55:15.318000
260,,51,20250821,145515318,002448,2,9.800,300,002448.SH,S,2025-08-21,14:55:15.318000
261,,51,20250821,145514218,600602,2,23.430,400,600602.SZ,S,2025-08-21,14:55:14.218000
262,,51,20250821,145513318,603113,2,8.010,100,603113.SZ,S,2025-08-21,14:55:13.318000
263,,51,20250821,145512018,002945,2,16.820,300,002945.SH,S,2025-08-21,14:55:12.018000
264,,51,20250821,145511117,600016,1,4.750,200,600016.SZ,B,2025-08-21,14:55:11.117000
265,,51,20250821,145511117,600016,1,4.750,1000,600016.SZ,B,2025-08-21,14:55:11.117000
266,,51,20250821,145511117,600016,1,4.750,100,600016.SZ,B,2025-08-21,14:55:11.117000
267,,51,20250821,145508217,688236,2,23.130,8,688236.SZ,S,2025-08-21,14:55:08.217000
268,,51,20250821,145507516,002471,2,4.990,500,002471.SH,S,2025-08-21,14:55:07.516000
269,0000000063883530,58,20250821,145501629,600712,2,7.570,200,600712.SZ,S,2025-08-21,14:55:01.629000
270,,52,20250821,145458000,600712,2,7.570,200,600712.SZ,S,2025-08-21,14:54:58
271,,51,20250821,145503815,601456,2,11.920,100,601456.SZ,S,2025-08-21,14:55:03.815000
272,,51,20250821,145503315,600188,2,13.210,100,600188.SZ,S,2025-08-21,14:55:03.315000
273,,51,20250821,145503315,300399,2,31.530,100,300399.SH,S,2025-08-21,14:55:03.315000
274,,51,20250821,145502915,002406,2,8.620,1200,002406.SH,S,2025-08-21,14:55:02.915000
275,,51,20250821,145502415,603166,2,18.630,1100,603166.SZ,S,2025-08-21,14:55:02.415000
276,,51,20250821,145502115,601633,2,25.840,400,601633.SZ,S,2025-08-21,14:55:02.115000
277,,51,20250821,145502115,601633,2,25.840,100,601633.SZ,S,2025-08-21,14:55:02.115000
278,,51,20250821,145501415,600398,2,7.140,30,600398.SZ,S,2025-08-21,14:55:01.415000
279,,51,20250821,145501315,600398,2,7.140,70,600398.SZ,S,2025-08-21,14:55:01.315000
280,,51,20250821,145500915,000597,2,5.800,100,000597.SH,S,2025-08-21,14:55:00.915000
281,,51,20250821,145500115,300103,2,7.820,500,300103.SH,S,2025-08-21,14:55:00.115000
282,,51,20250821,145459115,601825,2,8.880,100,601825.SZ,S,2025-08-21,14:54:59.115000
283,,51,20250821,145455915,002259,1,5.060,1700,002259.SH,B,2025-08-21,14:54:55.915000
284,,51,20250821,145455314,300237,2,2.540,2600,300237.SH,S,2025-08-21,14:54:55.314000
285,0104000077334553,44,20250821,145449930,002755,1,25.210,100,002755.SH,B,2025-08-21,14:54:49.930000
286,0104000077334551,44,20250821,145449930,002755,1,25.210,100,002755.SH,B,2025-08-21,14:54:49.930000
287,,51,20250821,145453513,300237,2,2.540,600,300237.SH,S,2025-08-21,14:54:53.513000
288,,51,20250821,145452813,300237,2,2.540,1200,300237.SH,S,2025-08-21,14:54:52.813000
289,,51,20250821,145452713,300237,2,2.540,1200,300237.SH,S,2025-08-21,14:54:52.713000
290,,51,20250821,145452713,300237,2,2.540,1700,300237.SH,S,2025-08-21,14:54:52.713000
291,,51,20250821,145452213,603187,2,13.920,200,603187.SZ,S,2025-08-21,14:54:52.213000
292,,51,20250821,145452013,002203,2,12.650,300,002203.SH,S,2025-08-21,14:54:52.013000
293,,51,20250821,145451113,601939,1,9.240,1100,601939.SZ,B,2025-08-21,14:54:51.113000
294,,51,20250821,145450113,603019,2,75.480,100,603019.SZ,S,2025-08-21,14:54:50.113000
295,,51,20250821,145448613,002706,2,11.150,1000,002706.SH,S,2025-08-21,14:54:48.613000
296,,51,20250821,145447413,001208,2,12.710,700,001208.SH,S,2025-08-21,14:54:47.413000
297,,51,20250821,145445913,002706,2,11.150,300,002706.SH,S,2025-08-21,14:54:45.913000
298,,51,20250821,145445313,600025,1,9.280,1600,600025.SZ,B,2025-08-21,14:54:45.313000
299,,51,20250821,145439513,603386,1,15.760,200,603386.SZ,B,2025-08-21,14:54:39.513000
300,,51,20250821,145436613,000813,2,4.060,800,000813.SH,S,2025-08-21,14:54:36.613000
301,,51,20250821,145435612,600067,1,3.350,1600,600067.SZ,B,2025-08-21,14:54:35.612000
302,,51,20250821,145433012,002945,2,16.820,200,002945.SH,S,2025-08-21,14:54:33.012000
303,,51,20250821,145429512,601179,2,6.710,300,601179.SZ,S,2025-08-21,14:54:29.512000
304,,51,20250821,145426912,000564,1,2.370,2600,000564.SH,B,2025-08-21,14:54:26.912000
305,,51,20250821,145426512,600106,2,7.580,600,600106.SZ,S,2025-08-21,14:54:26.512000
306,,51,20250821,145421112,300705,2,19.840,1200,300705.SH,S,2025-08-21,14:54:21.112000
307,0000000063643732,61,20250821,145415484,600226,2,3.210,100,600226.SZ,S,2025-08-21,14:54:15.484000
308,,51,20250821,145418811,600226,2,3.210,9900,600226.SZ,S,2025-08-21,14:54:18.811000
309,,51,20250821,145418811,600570,2,37.500,100,600570.SZ,S,2025-08-21,14:54:18.811000
310,,51,20250821,145416711,603187,2,13.920,600,603187.SZ,S,2025-08-21,14:54:16.711000
311,,51,20250821,145416211,603187,2,13.920,100,603187.SZ,S,2025-08-21,14:54:16.211000
312,,51,20250821,145414211,601696,2,17.010,500,601696.SZ,S,2025-08-21,14:54:14.211000
313,,51,20250821,145414111,600699,2,20.230,400,600699.SZ,S,2025-08-21,14:54:14.111000
314,,51,20250821,145412511,603187,2,13.920,100,603187.SZ,S,2025-08-21,14:54:12.511000
315,,51,20250821,145412511,603187,2,13.920,100,603187.SZ,S,2025-08-21,14:54:12.511000
316,,51,20250821,145411411,002102,2,4.150,1600,002102.SH,S,2025-08-21,14:54:11.411000
317,,51,20250821,145410811,002313,1,11.910,200,002313.SH,B,2025-08-21,14:54:10.811000
318,0102000078618983,61,20250821,145405300,300170,1,19.290,800,300170.SH,B,2025-08-21,14:54:05.300000
319,0000000063569151,61,20250821,145404868,600712,2,7.570,100,600712.SZ,S,2025-08-21,14:54:04.868000
320,0000000063567932,61,20250821,145404719,600712,2,7.570,100,600712.SZ,S,2025-08-21,14:54:04.719000
321,0000000063567705,59,20250821,145404000,600712,2,7.570,100,600712.SZ,S,2025-08-21,14:54:04
322,,51,20250821,145406111,002370,1,6.830,2000,002370.SH,B,2025-08-21,14:54:06.111000
323,,51,20250821,145405511,603228,2,54.250,100,603228.SZ,S,2025-08-21,14:54:05.511000
324,,51,20250821,145402711,300010,1,8.910,400,300010.SH,B,2025-08-21,14:54:02.711000
325,,51,20250821,145400510,688236,2,23.130,200,688236.SZ,S,2025-08-21,14:54:00.510000
326,,51,20250821,145357110,601727,2,8.500,200,601727.SZ,S,2025-08-21,14:53:57.110000
327,,51,20250821,145355410,600588,2,16.540,600,600588.SZ,S,2025-08-21,14:53:55.410000
328,,51,20250821,145355410,600588,2,16.540,700,600588.SZ,S,2025-08-21,14:53:55.410000
329,,51,20250821,145353810,600886,1,14.780,100,600886.SZ,B,2025-08-21,14:53:53.810000
330,,51,20250821,145352010,600886,1,14.780,200,600886.SZ,B,2025-08-21,14:53:52.010000
331,0102000078479106,59,20250821,145347000,300170,1,19.280,300,300170.SH,B,2025-08-21,14:53:47
332,,51,20250821,145349210,601998,1,8.070,400,601998.SZ,B,2025-08-21,14:53:49.210000
333,,51,20250821,145348210,603839,2,8.000,500,603839.SZ,S,2025-08-21,14:53:48.210000
334,0105000078380665,58,20250821,145343954,300813,2,26.700,200,300813.SH,S,2025-08-21,14:53:43.954000
335,,51,20250821,145347110,603596,2,53.760,100,603596.SZ,S,2025-08-21,14:53:47.110000
336,,51,20250821,145347110,002049,2,80.550,100,002049.SH,S,2025-08-21,14:53:47.110000
337,,51,20250821,145346110,688655,2,25.550,601,688655.SZ,S,2025-08-21,14:53:46.110000
338,,51,20250821,145344110,300813,2,26.700,40,300813.SH,S,2025-08-21,14:53:44.110000
339,,51,20250821,145342109,300871,2,23.540,400,300871.SH,S,2025-08-21,14:53:42.109000
340,,51,20250821,145342109,300813,2,26.700,300,300813.SH,S,2025-08-21,14:53:42.109000
341,,51,20250821,145342109,603688,2,42.950,300,603688.SZ,S,2025-08-21,14:53:42.109000
342,,51,20250821,145342009,600961,1,12.790,1000,600961.SZ,B,2025-08-21,14:53:42.009000
343,,51,20250821,145340709,600961,1,12.790,300,600961.SZ,B,2025-08-21,14:53:40.709000
344,,51,20250821,145340109,600673,1,18.460,200,600673.SZ,B,2025-08-21,14:53:40.109000
345,,51,20250821,145338209,300264,2,6.600,100,300264.SH,S,2025-08-21,14:53:38.209000
346,,51,20250821,145335925,600111,1,44.630,100,600111.SZ,B,2025-08-21,14:53:35.925000
347,,51,20250821,145335925,600530,2,8.170,100,600530.SZ,S,2025-08-21,14:53:35.925000
348,,51,20250821,145335425,600673,1,18.450,400,600673.SZ,B,2025-08-21,14:53:35.425000
349,,51,20250821,145334025,600673,1,18.450,100,600673.SZ,B,2025-08-21,14:53:34.025000
350,,51,20250821,145332024,300767,1,21.160,900,300767.SH,B,2025-08-21,14:53:32.024000
351,,51,20250821,145329124,002363,2,8.570,100,002363.SH,S,2025-08-21,14:53:29.124000
352,0103000080113533,59,20250821,145322000,300103,2,7.820,700,300103.SH,S,2025-08-21,14:53:22
353,,52,20250821,145319000,300103,2,7.820,500,300103.SH,S,2025-08-21,14:53:19
354,,51,20250821,145324123,603330,1,7.970,1700,603330.SZ,B,2025-08-21,14:53:24.123000
355,,51,20250821,145313323,002453,1,6.440,1100,002453.SH,B,2025-08-21,14:53:13.323000
356,,51,20250821,145313223,002453,1,6.440,200,002453.SH,B,2025-08-21,14:53:13.223000
357,,51,20250821,145310723,300078,2,3.540,200,300078.SH,S,2025-08-21,14:53:10.723000
358,,51,20250821,145309523,002798,1,7.250,100,002798.SH,B,2025-08-21,14:53:09.523000
359,0103000080004100,58,20250821,145305536,300103,2,7.820,1800,300103.SH,S,2025-08-21,14:53:05.536000
360,0103000080004094,61,20250821,145305530,300103,2,7.820,1700,300103.SH,S,2025-08-21,14:53:05.530000
361,,51,20250821,145305422,600712,2,7.550,500,600712.SZ,S,2025-08-21,14:53:05.422000
362,,51,20250821,145305322,300408,2,42.250,300,300408.SH,S,2025-08-21,14:53:05.322000
363,,51,20250821,145300022,300158,1,8.270,700,300158.SH,B,2025-08-21,14:53:00.022000
364,,51,20250821,145259922,600919,2,11.310,400,600919.SZ,S,2025-08-21,14:52:59.922000
365,0000000063138106,61,20250821,145256074,603839,2,7.960,100,603839.SZ,S,2025-08-21,14:52:56.074000
366,,51,20250821,145259822,600919,2,11.310,200,600919.SZ,S,2025-08-21,14:52:59.822000
367,,51,20250821,145259422,000415,2,3.550,1400,000415.SH,S,2025-08-21,14:52:59.422000
368,,51,20250821,145256122,603115,1,17.870,200,603115.SZ,B,2025-08-21,14:52:56.122000
369,,51,20250821,145252122,600737,1,15.490,900,600737.SZ,B,2025-08-21,14:52:52.122000
370,,51,20250821,145252122,600886,1,14.790,1900,600886.SZ,B,2025-08-21,14:52:52.122000
371,,51,20250821,145252122,600737,1,15.490,1200,600737.SZ,B,2025-08-21,14:52:52.122000
372,,51,20250821,145252122,301248,2,27.470,700,301248.SH,S,2025-08-21,14:52:52.122000
373,,51,20250821,145249821,600906,2,7.820,400,600906.SZ,S,2025-08-21,14:52:49.821000
374,,51,20250821,145249621,600906,2,7.820,3000,600906.SZ,S,2025-08-21,14:52:49.621000
375,,51,20250821,145244021,002550,2,10.320,100,002550.SH,S,2025-08-21,14:52:44.021000
376,0000000063046909,61,20250821,145239633,688403,1,14.040,918,688403.SZ,B,2025-08-21,14:52:39.633000
377,,51,20250821,145242321,002182,1,14.510,639,002182.SH,B,2025-08-21,14:52:42.321000
378,,51,20250821,145242021,301032,1,14.470,300,301032.SH,B,2025-08-21,14:52:42.021000
379,0000000063032164,62,20250821,145237335,605599,1,15.430,200,605599.SZ,B,2025-08-21,14:52:37.335000
380,,51,20250821,145240121,688750,1,23.890,533,688750.SZ,B,2025-08-21,14:52:40.121000
381,,51,20250821,145238221,600111,1,44.610,500,600111.SZ,B,2025-08-21,14:52:38.221000
382,,51,20250821,145236921,002182,1,14.510,2161,002182.SH,B,2025-08-21,14:52:36.921000
383,,52,20250821,145222000,603367,1,29.920,300,603367.SZ,B,2025-08-21,14:52:22
384,,51,20250821,145233820,300170,1,19.270,500,300170.SH,B,2025-08-21,14:52:33.820000
385,,51,20250821,145233520,601077,2,6.570,900,601077.SZ,S,2025-08-21,14:52:33.520000
386,,51,20250821,145230620,002807,2,5.030,100,002807.SH,S,2025-08-21,14:52:30.620000
387,,51,20250821,145230420,002807,2,5.030,100,002807.SH,S,2025-08-21,14:52:30.420000
388,,51,20250821,145229720,002807,2,5.030,3000,002807.SH,S,2025-08-21,14:52:29.720000
389,,51,20250821,145229120,002798,1,7.250,800,002798.SH,B,2025-08-21,14:52:29.120000
390,,51,20250821,145229120,002798,1,7.250,700,002798.SH,B,2025-08-21,14:52:29.120000
391,,51,20250821,145228120,000017,1,6.740,600,000017.SH,B,2025-08-21,14:52:28.120000
392,,51,20250821,145227020,002126,2,37.330,500,002126.SH,S,2025-08-21,14:52:27.020000
393,,51,20250821,145226620,300891,1,10.920,900,300891.SH,B,2025-08-21,14:52:26.620000
394,,51,20250821,145225920,002793,2,5.920,400,002793.SH,S,2025-08-21,14:52:25.920000
395,,51,20250821,145222720,000017,1,6.740,200,000017.SH,B,2025-08-21,14:52:22.720000
396,,52,20250821,145202000,300432,1,15.430,500,300432.SH,B,2025-08-21,14:52:02
397,0101000079103615,59,20250821,145215000,002354,1,7.790,200,002354.SH,B,2025-08-21,14:52:15
398,,52,20250821,145214000,002354,1,7.790,400,002354.SH,B,2025-08-21,14:52:14
399,,52,20250821,145145000,300010,1,8.900,1000,300010.SH,B,2025-08-21,14:51:45
400,,51,20250821,145216219,300027,1,2.950,4100,300027.SH,B,2025-08-21,14:52:16.219000
401,,51,20250821,145215319,601208,1,17.400,500,601208.SZ,B,2025-08-21,14:52:15.319000
402,0000000062898062,61,20250821,145211105,600168,2,4.870,500,600168.SZ,S,2025-08-21,14:52:11.105000
403,,51,20250821,145213319,002798,1,7.250,500,002798.SH,B,2025-08-21,14:52:13.319000
404,,51,20250821,145212719,300071,2,5.290,200,300071.SH,S,2025-08-21,14:52:12.719000
405,,51,20250821,145212519,002210,2,3.040,200,002210.SH,S,2025-08-21,14:52:12.519000
406,0000000062878753,61,20250821,145207859,600168,2,4.870,200,600168.SZ,S,2025-08-21,14:52:07.859000
407,0000000062877324,61,20250821,145207663,600168,2,4.870,800,600168.SZ,S,2025-08-21,14:52:07.663000
408,0000000062872695,61,20250821,145206916,603367,1,29.930,300,603367.SZ,B,2025-08-21,14:52:06.916000
409,0101000079048280,61,20250821,145206320,301021,1,34.480,100,301021.SH,B,2025-08-21,14:52:06.320000
410,0101000079047798,60,20250821,145206230,300882,1,16.950,300,300882.SH,B,2025-08-21,14:52:06.230000
411,,51,20250821,145210119,603088,1,10.830,500,603088.SZ,B,2025-08-21,14:52:10.119000
412,0000000062860576,58,20250821,145205083,600111,1,44.610,200,600111.SZ,B,2025-08-21,14:52:05.083000
413,0101000079032848,59,20250821,145204000,002370,1,6.820,700,002370.SH,B,2025-08-21,14:52:04
414,,51,20250821,145207119,000938,1,27.190,900,000938.SH,B,2025-08-21,14:52:07.119000
415,,51,20250821,145206119,000016,1,5.550,200,000016.SH,B,2025-08-21,14:52:06.119000
416,,51,20250821,145204419,002126,2,37.310,200,002126.SH,S,2025-08-21,14:52:04.419000
417,,51,20250821,145204119,300106,1,12.390,500,300106.SH,B,2025-08-21,14:52:04.119000
418,,51,20250821,145203919,300434,2,10.860,600,300434.SH,S,2025-08-21,14:52:03.919000
419,0000000062809466,59,20250821,145158000,600168,2,4.870,1000,600168.SZ,S,2025-08-21,14:51:58
420,,51,20250821,145201119,002008,1,32.660,100,002008.SH,B,2025-08-21,14:52:01.119000
421,,51,20250821,145201119,002008,1,32.660,400,002008.SH,B,2025-08-21,14:52:01.119000
422,0000000062802706,58,20250821,145157388,600168,2,4.870,1000,600168.SZ,S,2025-08-21,14:51:57.388000
423,0000000062800903,58,20250821,145157111,600168,2,4.870,300,600168.SZ,S,2025-08-21,14:51:57.111000
424,0101000078967338,58,20250821,145156552,002008,1,32.640,100,002008.SH,B,2025-08-21,14:51:56.552000
425,,51,20250821,145156918,002492,2,7.440,300,002492.SH,S,2025-08-21,14:51:56.918000
426,,51,20250821,145156118,600869,1,6.440,2400,600869.SZ,B,2025-08-21,14:51:56.118000
427,0000000062772772,61,20250821,145151280,600255,1,4.410,900,600255.SZ,B,2025-08-21,14:51:51.280000
428,0000000062764170,58,20250821,145149609,600168,2,4.870,300,600168.SZ,S,2025-08-21,14:51:49.609000
429,,52,20250821,145148000,601001,2,13.910,100,601001.SZ,S,2025-08-21,14:51:48
430,0105000077619146,61,20250821,145148290,300738,1,22.020,100,300738.SH,B,2025-08-21,14:51:48.290000
431,0102000077676039,61,20250821,145148330,300170,1,19.250,700,300170.SH,B,2025-08-21,14:51:48.330000
432,,51,20250821,145151618,600531,2,8.610,600,600531.SZ,S,2025-08-21,14:51:51.618000
433,,51,20250821,145151318,600531,2,8.610,600,600531.SZ,S,2025-08-21,14:51:51.318000
434,,51,20250821,145151118,601001,2,13.910,500,601001.SZ,S,2025-08-21,14:51:51.118000
435,,51,20250821,145151118,300158,1,8.270,600,300158.SH,B,2025-08-21,14:51:51.118000
436,0101000078903778,61,20250821,145145310,300010,1,8.900,800,300010.SH,B,2025-08-21,14:51:45.310000
437,,51,20250821,145144178,002206,2,6.440,500,002206.SH,S,2025-08-21,14:51:44.178000
438,0104000076099986,61,20250821,145139370,300432,1,15.430,1100,300432.SH,B,2025-08-21,14:51:39.370000
439,,51,20250821,145143178,600257,1,5.810,1000,600257.SZ,B,2025-08-21,14:51:43.178000
440,,51,20250821,145143178,600096,1,26.560,700,600096.SZ,B,2025-08-21,14:51:43.178000
441,,51,20250821,145143178,002206,2,6.440,100,002206.SH,S,2025-08-21,14:51:43.178000
442,,51,20250821,145143178,002027,1,8.190,1900,002027.SH,B,2025-08-21,14:51:43.178000
443,0000000062708023,58,20250821,145138032,603119,1,63.530,100,603119.SZ,B,2025-08-21,14:51:38.032000
444,,51,20250821,145141077,300967,2,22.360,200,300967.SH,S,2025-08-21,14:51:41.077000
445,,51,20250821,145139076,600095,1,11.630,2300,600095.SZ,B,2025-08-21,14:51:39.076000
446,,51,20250821,145139076,001269,1,30.090,100,001269.SH,B,2025-08-21,14:51:39.076000
447,,51,20250821,145139076,688108,1,33.370,225,688108.SZ,B,2025-08-21,14:51:39.076000
448,,51,20250821,145138776,002609,2,11.850,100,002609.SH,S,2025-08-21,14:51:38.776000
449,,51,20250821,145138776,300498,1,17.630,1100,300498.SH,B,2025-08-21,14:51:38.776000
450,,51,20250821,145138376,603083,1,62.780,800,603083.SZ,B,2025-08-21,14:51:38.376000
451,0104000076055078,58,20250821,145132057,300432,1,15.430,2200,300432.SH,B,2025-08-21,14:51:32.057000
452,,51,20250821,145133176,000425,2,8.900,600,000425.SH,S,2025-08-21,14:51:33.176000
453,,52,20250821,145123000,600168,2,4.870,300,600168.SZ,S,2025-08-21,14:51:23
454,,51,20250821,145132076,603798,1,13.520,100,603798.SZ,B,2025-08-21,14:51:32.076000
455,,51,20250821,145130176,002283,1,6.790,2900,002283.SH,B,2025-08-21,14:51:30.176000
456,,51,20250821,145129076,603798,1,13.520,100,603798.SZ,B,2025-08-21,14:51:29.076000
457,,51,20250821,145128676,603798,1,13.520,100,603798.SZ,B,2025-08-21,14:51:28.676000
458,,51,20250821,145128176,603798,1,13.520,900,603798.SZ,B,2025-08-21,14:51:28.176000
459,,51,20250821,145122075,000006,1,7.350,1900,000006.SH,B,2025-08-21,14:51:22.075000
460,,51,20250821,145119075,688365,2,16.530,347,688365.SZ,S,2025-08-21,14:51:19.075000
461,,51,20250821,145117075,300291,2,6.580,1600,300291.SH,S,2025-08-21,14:51:17.075000
462,,51,20250821,145116075,600673,1,18.450,200,600673.SZ,B,2025-08-21,14:51:16.075000
463,,51,20250821,145115275,000017,1,6.740,1400,000017.SH,B,2025-08-21,14:51:15.275000
464,0101000078687982,61,20250821,145110310,002370,1,6.820,100,002370.SH,B,2025-08-21,14:51:10.310000
465,0000000062552300,61,20250821,145109249,600111,1,44.610,100,600111.SZ,B,2025-08-21,14:51:09.249000
466,,51,20250821,145113875,300375,2,5.790,1400,300375.SH,S,2025-08-21,14:51:13.875000
467,,51,20250821,145113675,300375,2,5.790,400,300375.SH,S,2025-08-21,14:51:13.675000
468,,51,20250821,145113275,300058,1,7.120,500,300058.SH,B,2025-08-21,14:51:13.275000
469,,51,20250821,145112173,600111,1,44.610,200,600111.SZ,B,2025-08-21,14:51:12.173000
470,,51,20250821,145112173,002182,1,14.490,2900,002182.SH,B,2025-08-21,14:51:12.173000
471,,51,20250821,145111973,002565,1,8.190,1100,002565.SH,B,2025-08-21,14:51:11.973000
472,,51,20250821,145111173,600168,2,4.870,400,600168.SZ,S,2025-08-21,14:51:11.173000
473,,51,20250821,145110073,603088,1,10.820,700,603088.SZ,B,2025-08-21,14:51:10.073000
474,,51,20250821,145110073,000938,1,27.180,300,000938.SH,B,2025-08-21,14:51:10.073000
475,,51,20250821,145109073,600111,1,44.640,100,600111.SZ,B,2025-08-21,14:51:09.073000
476,,51,20250821,145108573,601137,1,26.950,500,601137.SZ,B,2025-08-21,14:51:08.573000
477,,51,20250821,145108173,300631,1,34.500,200,300631.SH,B,2025-08-21,14:51:08.173000
478,,51,20250821,145108173,300631,1,34.500,100,300631.SH,B,2025-08-21,14:51:08.173000
479,,51,20250821,145107073,000938,1,27.180,300,000938.SH,B,2025-08-21,14:51:07.073000
480,,51,20250821,145105372,002558,2,29.800,329,002558.SH,S,2025-08-21,14:51:05.372000
481,,51,20250821,145105372,002558,2,29.800,171,002558.SH,S,2025-08-21,14:51:05.372000
482,,51,20250821,145104072,000938,1,27.180,300,000938.SH,B,2025-08-21,14:51:04.072000
483,0103000079220538,60,20250821,145059310,000729,1,12.700,300,000729.SH,B,2025-08-21,14:50:59.310000
484,,51,20250821,145059972,002686,2,7.240,100,002686.SH,S,2025-08-21,14:50:59.972000
485,0104000075798114,59,20250821,145055000,300432,1,15.430,400,300432.SH,B,2025-08-21,14:50:55
486,0104000075792245,59,20250821,145054000,300432,1,15.430,200,300432.SH,B,2025-08-21,14:50:54
487,,51,20250821,145057271,603228,2,54.070,100,603228.SZ,S,2025-08-21,14:50:57.271000
488,0103000079184225,60,20250821,145052310,000729,1,12.700,300,000729.SH,B,2025-08-21,14:50:52.310000
489,,51,20250821,145056471,601231,1,18.380,300,601231.SZ,B,2025-08-21,14:50:56.471000
490,0101000078541874,58,20250821,145052084,002008,1,32.720,200,002008.SH,B,2025-08-21,14:50:52.084000
491,,51,20250821,145055749,002624,2,15.650,200,002624.SH,S,2025-08-21,14:50:55.749000
492,,51,20250821,145055249,300103,2,7.820,800,300103.SH,S,2025-08-21,14:50:55.249000
493,,51,20250821,145054149,000831,2,47.100,1000,000831.SH,S,2025-08-21,14:50:54.149000
494,,51,20250821,145054049,000831,2,47.100,200,000831.SH,S,2025-08-21,14:50:54.049000
495,,51,20250821,145053949,000831,2,47.100,300,000831.SH,S,2025-08-21,14:50:53.949000
496,,51,20250821,145053749,601231,1,18.380,100,601231.SZ,B,2025-08-21,14:50:53.749000
497,0101000078528636,59,20250821,145049000,300158,1,8.270,500,300158.SH,B,2025-08-21,14:50:49
498,,51,20250821,145053249,600111,1,44.630,200,600111.SZ,B,2025-08-21,14:50:53.249000
499,,51,20250821,145053107,601231,1,18.380,200,601231.SZ,B,2025-08-21,14:50:53.107000
500,,51,20250821,145052406,002445,1,2.590,4900,002445.SH,B,2025-08-21,14:50:52.406000
501,0101000078520990,59,20250821,145048000,300237,2,2.540,2900,300237.SH,S,2025-08-21,14:50:48
502,,51,20250821,145051406,002008,1,32.700,400,002008.SH,B,2025-08-21,14:50:51.406000
503,,51,20250821,145051406,002008,1,32.700,200,002008.SH,B,2025-08-21,14:50:51.406000
504,,51,20250821,145051206,002653,1,58.720,200,002653.SH,B,2025-08-21,14:50:51.206000
505,,51,20250821,145050106,600095,1,11.610,300,600095.SZ,B,2025-08-21,14:50:50.106000
506,,51,20250821,145048205,300536,1,10.960,600,300536.SH,B,2025-08-21,14:50:48.205000
507,,51,20250821,145047205,002843,2,25.730,200,002843.SH,S,2025-08-21,14:50:47.205000
508,,51,20250821,145047105,600301,1,27.350,600,600301.SZ,B,2025-08-21,14:50:47.105000
509,0103000079129223,61,20250821,145041310,301188,2,19.660,500,301188.SH,S,2025-08-21,14:50:41.310000
510,0103000079129025,59,20250821,145041000,301188,2,19.660,300,301188.SH,S,2025-08-21,14:50:41
511,,51,20250821,145045305,600000,2,13.800,100,600000.SZ,S,2025-08-21,14:50:45.305000
512,,51,20250821,145044105,000938,1,27.190,200,000938.SH,B,2025-08-21,14:50:44.105000
513,,51,20250821,145042705,002532,2,9.810,500,002532.SH,S,2025-08-21,14:50:42.705000
514,,51,20250821,145040305,601939,1,9.230,1200,601939.SZ,B,2025-08-21,14:50:40.305000
515,,51,20250821,145039705,000980,2,2.440,2000,000980.SH,S,2025-08-21,14:50:39.705000
516,,51,20250821,145039205,603818,2,4.410,400,603818.SZ,S,2025-08-21,14:50:39.205000
517,,51,20250821,145038205,000676,2,9.870,800,000676.SH,S,2025-08-21,14:50:38.205000
518,0101000078437074,61,20250821,145033940,300237,2,2.540,6900,300237.SH,S,2025-08-21,14:50:33.940000
519,,51,20250821,145037305,300237,2,2.540,1400,300237.SH,S,2025-08-21,14:50:37.305000
520,0101000078426155,44,20250821,145031965,300291,2,6.570,100,300291.SH,S,2025-08-21,14:50:31.965000
521,0101000078426153,44,20250821,145031964,300291,2,6.570,500,300291.SH,S,2025-08-21,14:50:31.964000
522,,51,20250821,145035805,002107,2,7.130,1100,002107.SH,S,2025-08-21,14:50:35.805000
523,,51,20250821,145035305,002287,2,28.220,200,002287.SH,S,2025-08-21,14:50:35.305000
524,0000000062330411,59,20250821,145030000,688403,1,13.990,112,688403.SZ,B,2025-08-21,14:50:30
525,,51,20250821,145034005,002634,1,4.880,400,002634.SH,B,2025-08-21,14:50:34.005000
526,,51,20250821,145033305,600233,1,17.950,700,600233.SZ,B,2025-08-21,14:50:33.305000
527,,51,20250821,145033205,002225,2,7.110,500,002225.SH,S,2025-08-21,14:50:33.205000
528,,51,20250821,145032705,002107,2,7.130,700,002107.SH,S,2025-08-21,14:50:32.705000
529,,51,20250821,145031704,300010,1,8.890,700,300010.SH,B,2025-08-21,14:50:31.704000
530,,51,20250821,145031404,002653,1,58.720,100,002653.SH,B,2025-08-21,14:50:31.404000
531,,51,20250821,145031104,000962,2,20.890,100,000962.SH,S,2025-08-21,14:50:31.104000
532,,51,20250821,145030104,603949,1,19.480,200,603949.SZ,B,2025-08-21,14:50:30.104000
533,0102000077158015,61,20250821,145026510,301009,1,16.260,300,301009.SH,B,2025-08-21,14:50:26.510000
534,0000000062302431,62,20250821,145025419,601872,2,6.190,680,601872.SZ,S,2025-08-21,14:50:25.419000
535,0000000062302430,62,20250821,145025419,601872,2,6.190,520,601872.SZ,S,2025-08-21,14:50:25.419000
536,0000000062293182,62,20250821,145023332,600020,1,4.480,700,600020.SZ,B,2025-08-21,14:50:23.332000
537,,51,20250821,145023204,002324,2,14.300,100,002324.SH,S,2025-08-21,14:50:23.204000
538,,51,20250821,145022904,002236,2,18.190,200,002236.SH,S,2025-08-21,14:50:22.904000
539,,51,20250821,145022304,600528,2,8.930,400,600528.SZ,S,2025-08-21,14:50:22.304000
540,,51,20250821,145021404,002329,1,3.860,800,002329.SH,B,2025-08-21,14:50:21.404000
541,,51,20250821,145021104,002799,1,8.600,100,002799.SH,B,2025-08-21,14:50:21.104000
542,,51,20250821,145020204,603949,1,19.480,100,603949.SZ,B,2025-08-21,14:50:20.204000
543,0000000062245505,60,20250821,145015335,600820,1,6.430,700,600820.SZ,B,2025-08-21,14:50:15.335000
544,0103000078979203,59,20250821,145015000,000420,2,4.530,400,000420.SH,S,2025-08-21,14:50:15
545,,51,20250821,145019304,601225,1,21.970,500,601225.SZ,B,2025-08-21,14:50:19.304000
546,,51,20250821,145018604,301151,2,24.470,400,301151.SH,S,2025-08-21,14:50:18.604000
547,,51,20250821,145018604,603949,1,19.480,100,603949.SZ,B,2025-08-21,14:50:18.604000
548,,51,20250821,145018204,300037,2,41.700,700,300037.SH,S,2025-08-21,14:50:18.204000
549,,51,20250821,145017204,300261,2,8.010,100,300261.SH,S,2025-08-21,14:50:17.204000
550,0105000076985645,60,20250821,145011300,000600,1,7.560,500,000600.SH,B,2025-08-21,14:50:11.300000
551,,51,20250821,145015304,301200,1,85.720,100,301200.SH,B,2025-08-21,14:50:15.304000
552,,51,20250821,145015204,688557,2,38.660,71,688557.SZ,S,2025-08-21,14:50:15.204000
553,,51,20250821,145011603,601633,2,25.810,100,601633.SZ,S,2025-08-21,14:50:11.603000
554,,51,20250821,145011603,601633,2,25.810,200,601633.SZ,S,2025-08-21,14:50:11.603000
555,,51,20250821,145011503,002676,1,11.260,500,002676.SH,B,2025-08-21,14:50:11.503000
556,,51,20250821,145011103,601633,2,25.810,300,601633.SZ,S,2025-08-21,14:50:11.103000
557,0101000078261026,62,20250821,145006250,000709,1,2.400,1200,000709.SH,B,2025-08-21,14:50:06.250000
558,,51,20250821,145009103,600111,1,44.620,100,600111.SZ,B,2025-08-21,14:50:09.103000
559,,51,20250821,145008203,002414,1,12.360,784,002414.SH,B,2025-08-21,14:50:08.203000
560,,51,20250821,145008203,002414,1,12.360,16,002414.SH,B,2025-08-21,14:50:08.203000
561,,51,20250821,145008203,000338,2,15.520,500,000338.SH,S,2025-08-21,14:50:08.203000
562,,51,20250821,145005203,600096,1,26.550,1200,600096.SZ,B,2025-08-21,14:50:05.203000
563,,51,20250821,145004103,603800,1,50.440,100,603800.SZ,B,2025-08-21,14:50:04.103000
564,,51,20250821,145003903,002706,2,11.130,1300,002706.SH,S,2025-08-21,14:50:03.903000
565,,51,20250821,145003703,002394,1,10.630,1000,002394.SH,B,2025-08-21,14:50:03.703000
566,0101000078204273,59,20250821,144959000,300010,1,8.900,700,300010.SH,B,2025-08-21,14:49:59
567,,51,20250821,145003603,002332,2,11.560,1400,002332.SH,S,2025-08-21,14:50:03.603000
568,0102000076960748,59,20250821,144958000,002020,2,19.560,500,002020.SH,S,2025-08-21,14:49:58
569,,51,20250821,145002503,601933,1,4.920,700,601933.SZ,B,2025-08-21,14:50:02.503000
570,,51,20250821,145002103,603386,1,15.740,300,603386.SZ,B,2025-08-21,14:50:02.103000
571,0000000062127552,60,20250821,144957266,601669,1,6.180,100,601669.SZ,B,2025-08-21,14:49:57.266000
572,0000000062127551,60,20250821,144957266,601669,1,6.180,500,601669.SZ,B,2025-08-21,14:49:57.266000
573,0000000062127550,60,20250821,144957266,601669,1,6.180,2200,601669.SZ,B,2025-08-21,14:49:57.266000
574,,51,20250821,145001103,600257,1,5.790,1700,600257.SZ,B,2025-08-21,14:50:01.103000
575,0000000062126327,62,20250821,144956921,600535,1,17.210,300,600535.SZ,B,2025-08-21,14:49:56.921000
576,0102000076940589,61,20250821,144954240,002020,2,19.550,1000,002020.SH,S,2025-08-21,14:49:54.240000
577,0102000076939132,58,20250821,144953941,002020,2,19.550,600,002020.SH,S,2025-08-21,14:49:53.941000
578,,51,20250821,144955402,300319,2,12.740,600,300319.SH,S,2025-08-21,14:49:55.402000
579,0103000078829135,58,20250821,144949943,301188,2,19.660,500,301188.SH,S,2025-08-21,14:49:49.943000
580,,52,20250821,144949000,002020,2,19.560,400,002020.SH,S,2025-08-21,14:49:49
581,,52,20250821,144949000,301188,2,19.660,100,301188.SH,S,2025-08-21,14:49:49
582,0102000076916395,58,20250821,144948942,002020,2,19.560,200,002020.SH,S,2025-08-21,14:49:48.942000
583,,51,20250821,144952802,601608,1,5.360,3000,601608.SZ,B,2025-08-21,14:49:52.802000
584,,51,20250821,144952202,002175,2,4.840,100,002175.SH,S,2025-08-21,14:49:52.202000
585,,51,20250821,144952102,600463,2,12.270,1100,600463.SZ,S,2025-08-21,14:49:52.102000
586,,51,20250821,144952102,601608,1,5.360,500,601608.SZ,B,2025-08-21,14:49:52.102000
587,,51,20250821,144952002,301188,2,19.660,200,301188.SH,S,2025-08-21,14:49:52.002000
588,0105000076840191,58,20250821,144947942,300813,2,26.680,200,300813.SH,S,2025-08-21,14:49:47.942000
589,0102000076907437,58,20250821,144946942,002324,2,14.310,400,002324.SH,S,2025-08-21,14:49:46.942000
590,,51,20250821,144950902,301118,1,25.190,500,301118.SH,B,2025-08-21,14:49:50.902000
591,,51,20250821,144948102,300246,2,9.580,1600,300246.SH,S,2025-08-21,14:49:48.102000
592,,51,20250821,144947002,002685,2,7.830,100,002685.SH,S,2025-08-21,14:49:47.002000
593,0104000075364803,58,20250821,144943088,002332,2,11.560,300,002332.SH,S,2025-08-21,14:49:43.088000
594,0102000076886747,59,20250821,144942000,301009,1,16.270,200,301009.SH,B,2025-08-21,14:49:42
595,,51,20250821,144946502,000932,2,5.740,300,000932.SH,S,2025-08-21,14:49:46.502000
596,,51,20250821,144944002,300432,1,15.420,300,300432.SH,B,2025-08-21,14:49:44.002000
597,,51,20250821,144943202,002008,1,32.690,200,002008.SH,B,2025-08-21,14:49:43.202000
598,,51,20250821,144941302,000970,1,14.960,200,000970.SH,B,2025-08-21,14:49:41.302000
599,1021779282101153300,57,20250821,144935556,600219,2,4.150,1600,600219.SZ,S,2025-08-21,14:49:35.556000
600,,51,20250821,144939702,002294,2,51.340,100,002294.SH,S,2025-08-21,14:49:39.702000
601,,51,20250821,144939702,002294,2,51.340,200,002294.SH,S,2025-08-21,14:49:39.702000
602,0000000062040843,58,20250821,144935021,600593,2,32.700,400,600593.SZ,S,2025-08-21,14:49:35.021000
603,,51,20250821,144937301,600521,2,21.940,600,600521.SZ,S,2025-08-21,14:49:37.301000
604,,51,20250821,144936801,000633,1,6.860,200,000633.SH,B,2025-08-21,14:49:36.801000
605,0000000062025279,62,20250821,144931392,601598,1,5.630,100,601598.SZ,B,2025-08-21,14:49:31.392000
606,0000000062025278,62,20250821,144931392,601598,1,5.630,100,601598.SZ,B,2025-08-21,14:49:31.392000
607,0000000062025277,62,20250821,144931392,601598,1,5.630,100,601598.SZ,B,2025-08-21,14:49:31.392000
608,0000000062025276,62,20250821,144931392,601598,1,5.630,100,601598.SZ,B,2025-08-21,14:49:31.392000
609,0000000062025275,62,20250821,144931392,601598,1,5.630,100,601598.SZ,B,2025-08-21,14:49:31.392000
610,0000000062025274,62,20250821,144931392,601598,1,5.630,100,601598.SZ,B,2025-08-21,14:49:31.392000
611,0000000062025273,62,20250821,144931392,601598,1,5.630,100,601598.SZ,B,2025-08-21,14:49:31.392000
612,0000000062025272,62,20250821,144931392,601598,1,5.630,100,601598.SZ,B,2025-08-21,14:49:31.392000
613,0000000062025271,62,20250821,144931392,601598,1,5.630,100,601598.SZ,B,2025-08-21,14:49:31.392000
614,0000000062025270,62,20250821,144931392,601598,1,5.630,100,601598.SZ,B,2025-08-21,14:49:31.392000
615,0000000062025269,62,20250821,144931392,601598,1,5.630,100,601598.SZ,B,2025-08-21,14:49:31.392000
616,0000000062025268,62,20250821,144931392,601598,1,5.630,700,601598.SZ,B,2025-08-21,14:49:31.392000
617,,51,20250821,144935301,300938,2,23.980,100,300938.SH,S,2025-08-21,14:49:35.301000
618,,51,20250821,144935301,002921,2,16.810,100,002921.SH,S,2025-08-21,14:49:35.301000
619,,51,20250821,144933801,603688,2,42.780,150,603688.SZ,S,2025-08-21,14:49:33.801000
620,,51,20250821,144933201,000633,1,6.860,100,000633.SH,B,2025-08-21,14:49:33.201000
621,0103000078736854,58,20250821,144929303,000420,2,4.520,900,000420.SH,S,2025-08-21,14:49:29.303000
622,,51,20250821,144932301,603688,2,42.780,100,603688.SZ,S,2025-08-21,14:49:32.301000
623,,52,20250821,144928000,300813,2,26.700,300,300813.SH,S,2025-08-21,14:49:28
624,,51,20250821,144932098,603688,2,42.780,250,603688.SZ,S,2025-08-21,14:49:32.098000
625,,51,20250821,144932098,002941,2,15.110,300,002941.SH,S,2025-08-21,14:49:32.098000
626,0103000078731678,58,20250821,144928113,000420,2,4.520,200,000420.SH,S,2025-08-21,14:49:28.113000
627,,51,20250821,144931098,002675,2,17.560,100,002675.SH,S,2025-08-21,14:49:31.098000
628,,51,20250821,144931098,600986,2,9.430,100,600986.SZ,S,2025-08-21,14:49:31.098000
629,,51,20250821,144930098,688158,2,26.780,225,688158.SZ,S,2025-08-21,14:49:30.098000
630,,51,20250821,144929998,600699,2,20.130,500,600699.SZ,S,2025-08-21,14:49:29.998000
631,,51,20250821,144929098,002368,2,29.350,400,002368.SH,S,2025-08-21,14:49:29.098000
632,0000000061996926,62,20250821,144924305,601717,1,18.270,200,601717.SZ,B,2025-08-21,14:49:24.305000
633,,51,20250821,144928071,000989,2,11.980,300,000989.SH,S,2025-08-21,14:49:28.071000
634,0104000075270428,60,20250821,144923610,300373,2,59.670,100,300373.SH,S,2025-08-21,14:49:23.610000
635,,51,20250821,144927271,000989,2,11.980,100,000989.SH,S,2025-08-21,14:49:27.271000
636,0000000061989372,60,20250821,144922309,601717,1,18.270,200,601717.SZ,B,2025-08-21,14:49:22.309000
637,0000000061989371,62,20250821,144922309,601717,1,18.270,600,601717.SZ,B,2025-08-21,14:49:22.309000
638,,51,20250821,144926071,601689,2,55.970,100,601689.SZ,S,2025-08-21,14:49:26.071000
639,,51,20250821,144926071,002673,2,8.990,1300,002673.SH,S,2025-08-21,14:49:26.071000
640,,51,20250821,144925871,603679,2,18.880,100,603679.SZ,S,2025-08-21,14:49:25.871000
641,,51,20250821,144925371,605580,1,17.330,1100,605580.SZ,B,2025-08-21,14:49:25.371000
642,,51,20250821,144925271,600111,1,44.620,100,600111.SZ,B,2025-08-21,14:49:25.271000
643,,51,20250821,144923271,300166,2,12.260,400,300166.SH,S,2025-08-21,14:49:23.271000
644,,51,20250821,144923171,600211,2,46.680,200,600211.SZ,S,2025-08-21,14:49:23.171000
645,,51,20250821,144921070,002520,2,6.930,200,002520.SH,S,2025-08-21,14:49:21.070000
646,,51,20250821,144921070,300534,2,10.930,300,300534.SH,S,2025-08-21,14:49:21.070000
647,,51,20250821,144921070,688410,2,16.510,200,688410.SZ,S,2025-08-21,14:49:21.070000
648,,51,20250821,144920070,002436,2,16.880,1800,002436.SH,S,2025-08-21,14:49:20.070000
649,0000000061952751,62,20250821,144913308,601717,1,18.280,200,601717.SZ,B,2025-08-21,14:49:13.308000
650,,51,20250821,144916470,000541,2,7.180,300,000541.SH,S,2025-08-21,14:49:16.470000
651,0105000076660278,62,20250821,144910300,301263,2,34.920,300,301263.SH,S,2025-08-21,14:49:10.300000
652,0105000076660272,60,20250821,144910300,301263,2,34.920,100,301263.SH,S,2025-08-21,14:49:10.300000
653,,51,20250821,144914270,688557,2,38.660,200,688557.SZ,S,2025-08-21,14:49:14.270000
654,,51,20250821,144914070,688557,2,38.660,77,688557.SZ,S,2025-08-21,14:49:14.070000
655,,51,20250821,144913570,300085,2,46.680,100,300085.SH,S,2025-08-21,14:49:13.570000
656,,51,20250821,144913270,002195,2,6.200,100,002195.SH,S,2025-08-21,14:49:13.270000
657,,51,20250821,144912170,688277,2,19.460,400,688277.SZ,S,2025-08-21,14:49:12.170000
658,,51,20250821,144911770,600666,2,4.020,700,600666.SZ,S,2025-08-21,14:49:11.770000
659,,51,20250821,144911070,002420,2,6.920,100,002420.SH,S,2025-08-21,14:49:11.070000
660,0103000078626749,58,20250821,144905992,000603,2,16.100,400,000603.SH,S,2025-08-21,14:49:05.992000
661,,51,20250821,144909170,600666,2,4.020,100,600666.SZ,S,2025-08-21,14:49:09.170000
662,0000000061914008,44,20250821,144905033,600801,1,15.530,200,600801.SZ,B,2025-08-21,14:49:05.033000
663,0105000076627005,61,20250821,144904300,000795,1,11.900,700,000795.SH,B,2025-08-21,14:49:04.300000
664,0105000076626469,59,20250821,144904000,000795,1,11.900,200,000795.SH,B,2025-08-21,14:49:04
665,0000000061899375,62,20250821,144902258,601818,1,3.980,3300,601818.SZ,B,2025-08-21,14:49:02.258000
666,,51,20250821,144906270,002652,2,3.880,200,002652.SH,S,2025-08-21,14:49:06.270000
667,,52,20250821,144649000,600255,1,4.410,500,600255.SZ,B,2025-08-21,14:46:49
668,,51,20250821,144905170,600330,2,8.720,2600,600330.SZ,S,2025-08-21,14:49:05.170000
669,,51,20250821,144903569,002049,2,80.320,100,002049.SH,S,2025-08-21,14:49:03.569000
670,,51,20250821,144903469,002049,2,80.320,100,002049.SH,S,2025-08-21,14:49:03.469000
671,,51,20250821,144902369,000796,1,5.350,3700,000796.SH,B,2025-08-21,14:49:02.369000
672,,51,20250821,144902069,603725,2,10.910,600,603725.SZ,S,2025-08-21,14:49:02.069000
673,,51,20250821,144902069,002497,2,14.000,400,002497.SH,S,2025-08-21,14:49:02.069000
674,,51,20250821,144902069,002735,2,15.630,100,002735.SH,S,2025-08-21,14:49:02.069000
675,,51,20250821,144901869,600067,1,3.350,100,600067.SZ,B,2025-08-21,14:49:01.869000
676,,51,20250821,144901669,000796,1,5.350,300,000796.SH,B,2025-08-21,14:49:01.669000
677,0000000061874823,59,20250821,144857000,688403,1,13.990,458,688403.SZ,B,2025-08-21,14:48:57
678,,51,20250821,144901569,000796,1,5.350,300,000796.SH,B,2025-08-21,14:49:01.569000
679,,51,20250821,144901069,600651,2,7.120,100,600651.SZ,S,2025-08-21,14:49:01.069000
680,,51,20250821,144901069,002945,2,16.770,800,002945.SH,S,2025-08-21,14:49:01.069000
681,0000000061869300,59,20250821,144856000,688403,1,13.990,30,688403.SZ,B,2025-08-21,14:48:56
682,,51,20250821,144900469,300102,2,14.200,400,300102.SH,S,2025-08-21,14:49:00.469000
683,,51,20250821,144900469,002134,2,24.920,100,002134.SH,S,2025-08-21,14:49:00.469000
684,,51,20250821,144859969,300263,2,8.810,1500,300263.SH,S,2025-08-21,14:48:59.969000
685,0000000061866896,58,20250821,144855993,600602,2,23.340,200,600602.SZ,S,2025-08-21,14:48:55.993000
686,0000000061866895,58,20250821,144855992,600602,2,23.340,100,600602.SZ,S,2025-08-21,14:48:55.992000
687,0000000061864367,62,20250821,144855333,600020,1,4.480,1500,600020.SZ,B,2025-08-21,14:48:55.333000
688,0000000061864206,61,20250821,144855291,600602,2,23.340,300,600602.SZ,S,2025-08-21,14:48:55.291000
689,0000000061863552,59,20250821,144855000,600602,2,23.340,100,600602.SZ,S,2025-08-21,14:48:55
690,,51,20250821,144859369,002357,2,11.110,800,002357.SH,S,2025-08-21,14:48:59.369000
691,,51,20250821,144859069,300678,2,37.730,100,300678.SH,S,2025-08-21,14:48:59.069000
692,,51,20250821,144859069,300410,2,8.610,200,300410.SH,S,2025-08-21,14:48:59.069000
693,,51,20250821,144859069,600415,2,20.330,100,600415.SZ,S,2025-08-21,14:48:59.069000
694,,51,20250821,144859069,300002,2,14.190,300,300002.SH,S,2025-08-21,14:48:59.069000
695,,51,20250821,144858968,300207,2,22.050,100,300207.SH,S,2025-08-21,14:48:58.968000
696,,51,20250821,144858768,300677,2,37.380,100,300677.SH,S,2025-08-21,14:48:58.768000
697,,51,20250821,144858668,300520,2,26.210,100,300520.SH,S,2025-08-21,14:48:58.668000
698,,51,20250821,144858168,600288,2,12.600,100,600288.SZ,S,2025-08-21,14:48:58.168000
699,,52,20250821,144853000,600602,2,23.340,100,600602.SZ,S,2025-08-21,14:48:53
700,,51,20250821,144857068,300085,2,46.680,100,300085.SH,S,2025-08-21,14:48:57.068000
701,,51,20250821,144854168,300047,2,18.640,400,300047.SH,S,2025-08-21,14:48:54.168000
702,,51,20250821,144854168,300047,2,18.640,100,300047.SH,S,2025-08-21,14:48:54.168000
703,,51,20250821,144854068,002812,2,31.360,100,002812.SH,S,2025-08-21,14:48:54.068000
704,,51,20250821,144854068,300017,2,12.000,500,300017.SH,S,2025-08-21,14:48:54.068000
705,,51,20250821,144853168,002020,2,19.520,500,002020.SH,S,2025-08-21,14:48:53.168000
706,0104000075086164,60,20250821,144849160,300373,2,59.650,100,300373.SH,S,2025-08-21,14:48:49.160000
707,,51,20250821,144852068,002738,2,40.540,100,002738.SH,S,2025-08-21,14:48:52.068000
708,,51,20250821,144852067,601688,2,21.270,300,601688.SZ,S,2025-08-21,14:48:52.067000
709,,51,20250821,144852068,605298,1,22.040,200,605298.SZ,B,2025-08-21,14:48:52.068000
710,,51,20250821,144851967,002444,2,34.370,100,002444.SH,S,2025-08-21,14:48:51.967000
711,,51,20250821,144851067,600062,2,20.370,100,600062.SZ,S,2025-08-21,14:48:51.067000
712,0000000061828004,58,20250821,144847001,603211,2,20.640,100,603211.SZ,S,2025-08-21,14:48:47.001000
713,0000000061824919,61,20250821,144846343,603211,2,20.640,100,603211.SZ,S,2025-08-21,14:48:46.343000
714,,51,20250821,144850367,600515,2,3.920,100,600515.SZ,S,2025-08-21,14:48:50.367000
715,,51,20250821,144847067,300657,2,34.690,100,300657.SH,S,2025-08-21,14:48:47.067000
716,,51,20250821,144846166,300903,2,11.860,200,300903.SH,S,2025-08-21,14:48:46.166000
717,,51,20250821,144845966,600067,1,3.350,100,600067.SZ,B,2025-08-21,14:48:45.966000
718,,51,20250821,144845666,300133,2,8.650,400,300133.SH,S,2025-08-21,14:48:45.666000
719,,51,20250821,144844066,601689,2,56.000,100,601689.SZ,S,2025-08-21,14:48:44.066000
720,,51,20250821,144844066,300133,2,8.640,800,300133.SH,S,2025-08-21,14:48:44.066000
721,,51,20250821,144843166,600426,2,24.660,1000,600426.SZ,S,2025-08-21,14:48:43.166000
722,,51,20250821,144842966,002558,2,29.810,200,002558.SH,S,2025-08-21,14:48:42.966000
723,,51,20250821,144841266,600067,1,3.350,2300,600067.SZ,B,2025-08-21,14:48:41.266000
724,,51,20250821,144837166,601608,1,5.360,800,601608.SZ,B,2025-08-21,14:48:37.166000
725,,51,20250821,144835266,002465,2,13.840,100,002465.SH,S,2025-08-21,14:48:35.266000
726,,51,20250821,144835266,600011,1,7.370,3900,600011.SZ,B,2025-08-21,14:48:35.266000
727,,51,20250821,144835266,300179,2,10.420,100,300179.SH,S,2025-08-21,14:48:35.266000
728,,51,20250821,144831166,003022,2,20.390,2100,003022.SH,S,2025-08-21,14:48:31.166000
729,,51,20250821,144830966,003022,2,20.390,2100,003022.SH,S,2025-08-21,14:48:30.966000
730,,51,20250821,144830666,300813,2,26.720,100,300813.SH,S,2025-08-21,14:48:30.666000
731,,51,20250821,144829165,003022,2,20.390,100,003022.SH,S,2025-08-21,14:48:29.165000
732,,51,20250821,144829065,002741,2,21.020,100,002741.SH,S,2025-08-21,14:48:29.065000
733,,51,20250821,144828265,300813,2,26.710,800,300813.SH,S,2025-08-21,14:48:28.265000
734,0000000061728013,58,20250821,144824052,603367,1,29.960,300,603367.SZ,B,2025-08-21,14:48:24.052000
735,,51,20250821,144827365,300813,2,26.710,100,300813.SH,S,2025-08-21,14:48:27.365000
736,,51,20250821,144827065,688007,1,19.140,200,688007.SZ,B,2025-08-21,14:48:27.065000
737,0000000061725118,62,20250821,144823249,603929,1,34.990,100,603929.SZ,B,2025-08-21,14:48:23.249000
738,,51,20250821,144826665,300813,2,26.710,100,300813.SH,S,2025-08-21,14:48:26.665000
739,,52,20250821,144822000,603367,1,29.960,200,603367.SZ,B,2025-08-21,14:48:22
740,,51,20250821,144826165,601208,1,17.400,800,601208.SZ,B,2025-08-21,14:48:26.165000
741,,51,20250821,144826065,603367,1,29.960,300,603367.SZ,B,2025-08-21,14:48:26.065000
742,0102000076465190,60,20250821,144820290,300850,2,37.820,100,300850.SH,S,2025-08-21,14:48:20.290000
743,,51,20250821,144823264,600143,2,15.980,100,600143.SZ,S,2025-08-21,14:48:23.264000
744,,51,20250821,144823264,600143,2,15.980,400,600143.SZ,S,2025-08-21,14:48:23.264000
745,,51,20250821,144822164,002916,2,141.380,100,002916.SH,S,2025-08-21,14:48:22.164000
746,0000000061695115,62,20250821,144816341,603766,1,13.770,100,603766.SZ,B,2025-08-21,14:48:16.341000
747,0000000061695114,62,20250821,144816341,603766,1,13.770,100,603766.SZ,B,2025-08-21,14:48:16.341000
748,0000000061695113,62,20250821,144816341,603766,1,13.770,200,603766.SZ,B,2025-08-21,14:48:16.341000
749,,51,20250821,144820364,300127,1,31.010,200,300127.SH,B,2025-08-21,14:48:20.364000
750,0101000077677610,60,20250821,144815210,002859,1,29.580,200,002859.SH,B,2025-08-21,14:48:15.210000
751,,51,20250821,144819064,688007,1,19.130,400,688007.SZ,B,2025-08-21,14:48:19.064000
752,0101000077676628,58,20250821,144815083,002370,1,6.810,1200,002370.SH,B,2025-08-21,14:48:15.083000
753,0105000076377095,61,20250821,144815070,300813,2,26.700,200,300813.SH,S,2025-08-21,14:48:15.070000
754,0105000076377067,61,20250821,144815060,300813,2,26.700,200,300813.SH,S,2025-08-21,14:48:15.060000
755,0105000076377052,59,20250821,144815000,300813,2,26.700,300,300813.SH,S,2025-08-21,14:48:15
756,,52,20250821,144618000,002370,1,6.810,1000,002370.SH,B,2025-08-21,14:46:18
757,0000000061683071,44,20250821,144813992,600104,1,19.750,400,600104.SZ,B,2025-08-21,14:48:13.992000
758,,51,20250821,144817464,002131,1,4.710,1900,002131.SH,B,2025-08-21,14:48:17.464000
759,,51,20250821,144815263,300869,2,18.180,1200,300869.SH,S,2025-08-21,14:48:15.263000
760,,51,20250821,144814263,000010,1,4.580,200,000010.SH,B,2025-08-21,14:48:14.263000
761,,51,20250821,144812362,300872,2,26.890,500,300872.SH,S,2025-08-21,14:48:12.362000
762,,51,20250821,144812262,002637,2,10.910,100,002637.SH,S,2025-08-21,14:48:12.262000
763,,51,20250821,144812162,600990,1,32.840,900,600990.SZ,B,2025-08-21,14:48:12.162000
764,,51,20250821,144811661,301171,2,32.450,200,301171.SH,S,2025-08-21,14:48:11.661000
765,,51,20250821,144811161,600737,1,15.480,800,600737.SZ,B,2025-08-21,14:48:11.161000
766,,51,20250821,144811161,600737,1,15.480,2200,600737.SZ,B,2025-08-21,14:48:11.161000
767,,51,20250821,144811161,600737,1,15.480,200,600737.SZ,B,2025-08-21,14:48:11.161000
768,,51,20250821,144810661,300081,2,5.680,400,300081.SH,S,2025-08-21,14:48:10.661000
769,0103000078329671,59,20250821,144806000,301171,2,32.450,100,301171.SH,S,2025-08-21,14:48:06
770,0000000061641249,59,20250821,144805000,600439,2,3.160,100,600439.SZ,S,2025-08-21,14:48:05
771,,51,20250821,144806361,000889,2,3.970,300,000889.SH,S,2025-08-21,14:48:06.361000
772,,51,20250821,144806261,000889,2,3.970,100,000889.SH,S,2025-08-21,14:48:06.261000
773,,51,20250821,144806161,000889,2,3.970,1700,000889.SH,S,2025-08-21,14:48:06.161000
774,,51,20250821,144806161,000889,2,3.970,300,000889.SH,S,2025-08-21,14:48:06.161000
775,,51,20250821,144806061,300098,1,6.030,1000,300098.SH,B,2025-08-21,14:48:06.061000
776,,51,20250821,144806061,300098,1,6.030,1000,300098.SH,B,2025-08-21,14:48:06.061000
777,,51,20250821,144806061,000889,2,3.970,600,000889.SH,S,2025-08-21,14:48:06.061000
778,,51,20250821,144805361,002930,2,12.270,200,002930.SH,S,2025-08-21,14:48:05.361000
779,,51,20250821,144804068,603171,2,54.310,100,603171.SZ,S,2025-08-21,14:48:04.068000
780,,51,20250821,144803968,600881,1,2.100,400,600881.SZ,B,2025-08-21,14:48:03.968000
781,,51,20250821,144803868,600881,1,2.100,400,600881.SZ,B,2025-08-21,14:48:03.868000
782,,51,20250821,144803168,300476,2,216.610,100,300476.SH,S,2025-08-21,14:48:03.168000
783,,51,20250821,144803068,600933,2,19.580,600,600933.SZ,S,2025-08-21,14:48:03.068000
784,,51,20250821,144802068,002155,2,20.080,500,002155.SH,S,2025-08-21,14:48:02.068000
785,,51,20250821,144802068,000066,2,17.270,200,000066.SH,S,2025-08-21,14:48:02.068000
786,0000000061603236,58,20250821,144757779,688403,1,14.010,200,688403.SZ,B,2025-08-21,14:47:57.779000
787,0000000061605816,61,20250821,144758403,688403,1,14.010,200,688403.SZ,B,2025-08-21,14:47:58.403000
788,,51,20250821,144801867,300643,1,26.070,100,300643.SH,B,2025-08-21,14:48:01.867000
789,,51,20250821,144801767,002294,2,51.340,200,002294.SH,S,2025-08-21,14:48:01.767000
790,,51,20250821,144759067,300188,2,18.230,900,300188.SH,S,2025-08-21,14:47:59.067000
791,,51,20250821,144759067,000021,2,20.500,1100,000021.SH,S,2025-08-21,14:47:59.067000
792,,51,20250821,144758667,600881,1,2.100,900,600881.SZ,B,2025-08-21,14:47:58.667000
793,,51,20250821,144758167,603019,2,75.080,100,603019.SZ,S,2025-08-21,14:47:58.167000
794,,51,20250821,144758167,600183,2,44.310,400,600183.SZ,S,2025-08-21,14:47:58.167000
795,,51,20250821,144758067,300643,1,26.070,300,300643.SH,B,2025-08-21,14:47:58.067000
796,,51,20250821,144757467,600881,1,2.100,1200,600881.SZ,B,2025-08-21,14:47:57.467000
797,,52,20250821,144618000,601766,2,7.610,100,601766.SZ,S,2025-08-21,14:46:18
798,,51,20250821,144755367,600682,1,8.660,400,600682.SZ,B,2025-08-21,14:47:55.367000
799,0105000076234318,62,20250821,144750550,000600,1,7.550,500,000600.SH,B,2025-08-21,14:47:50.550000
800,0000000061571056,58,20250821,144749614,688403,1,14.010,800,688403.SZ,B,2025-08-21,14:47:49.614000
801,,51,20250821,144753565,688678,1,28.000,439,688678.SZ,B,2025-08-21,14:47:53.565000
802,,51,20250821,144753065,300662,2,31.650,200,300662.SH,S,2025-08-21,14:47:53.065000
803,,51,20250821,144750365,601003,2,5.990,200,601003.SZ,S,2025-08-21,14:47:50.365000
804,0104000074723700,58,20250821,144740499,002332,2,11.550,200,002332.SH,S,2025-08-21,14:47:40.499000
805,0000000061527908,60,20250821,144738284,601988,1,5.710,1100,601988.SZ,B,2025-08-21,14:47:38.284000
806,0104000074716459,58,20250821,144739051,002332,2,11.550,100,002332.SH,S,2025-08-21,14:47:39.051000
807,,51,20250821,144742065,300683,2,50.910,100,300683.SH,S,2025-08-21,14:47:42.065000
808,,51,20250821,144741265,002426,1,3.370,2000,002426.SH,B,2025-08-21,14:47:41.265000
809,,51,20250821,144740065,000056,2,2.810,500,000056.SH,S,2025-08-21,14:47:40.065000
810,,51,20250821,144732064,600615,1,14.390,1800,600615.SZ,B,2025-08-21,14:47:32.064000
811,,51,20250821,144732064,600615,1,14.390,400,600615.SZ,B,2025-08-21,14:47:32.064000
812,0000000061485806,62,20250821,144727333,600020,1,4.480,1350,600020.SZ,B,2025-08-21,14:47:27.333000
813,0000000061485805,62,20250821,144727333,600020,1,4.480,150,600020.SZ,B,2025-08-21,14:47:27.333000
814,0000000061488973,59,20250821,144728000,600255,1,4.420,1000,600255.SZ,B,2025-08-21,14:47:28
815,,51,20250821,144731564,601555,2,10.220,200,601555.SZ,S,2025-08-21,14:47:31.564000
816,,51,20250821,144731064,000776,2,20.890,500,000776.SH,S,2025-08-21,14:47:31.064000
817,,51,20250821,144731064,002126,2,37.140,200,002126.SH,S,2025-08-21,14:47:31.064000
818,,51,20250821,144730763,000633,1,6.860,500,000633.SH,B,2025-08-21,14:47:30.763000
819,,51,20250821,144730263,688750,1,23.810,200,688750.SZ,B,2025-08-21,14:47:30.263000
820,,51,20250821,144729963,300803,2,127.690,200,300803.SH,S,2025-08-21,14:47:29.963000
821,,51,20250821,144729063,001203,2,12.010,200,001203.SH,S,2025-08-21,14:47:29.063000
822,,51,20250821,144728063,002126,2,37.190,100,002126.SH,S,2025-08-21,14:47:28.063000
823,,51,20250821,144725363,002126,2,37.160,100,002126.SH,S,2025-08-21,14:47:25.363000
824,0103000078108318,61,20250821,144720880,002558,2,29.810,100,002558.SH,S,2025-08-21,14:47:20.880000
825,0103000078105465,61,20250821,144720280,002558,2,29.810,100,002558.SH,S,2025-08-21,14:47:20.280000
826,0103000078105463,59,20250821,144720000,002558,2,29.810,100,002558.SH,S,2025-08-21,14:47:20
827,,51,20250821,144724163,000796,1,5.350,800,000796.SH,B,2025-08-21,14:47:24.163000
828,0101000077369063,60,20250821,144719230,000709,1,2.400,700,000709.SH,B,2025-08-21,14:47:19.230000
829,,51,20250821,144722063,002080,2,32.050,100,002080.SH,S,2025-08-21,14:47:22.063000
830,0104000074606235,58,20250821,144718019,000045,2,11.500,500,000045.SH,S,2025-08-21,14:47:18.019000
831,0104000074606233,58,20250821,144718019,000045,2,11.500,100,000045.SH,S,2025-08-21,14:47:18.019000
832,0104000074606231,58,20250821,144718018,000045,2,11.500,100,000045.SH,S,2025-08-21,14:47:18.018000
833,0104000074606229,58,20250821,144718018,000045,2,11.500,100,000045.SH,S,2025-08-21,14:47:18.018000
834,,51,20250821,144721063,300897,1,31.830,100,300897.SH,B,2025-08-21,14:47:21.063000
835,,51,20250821,144721063,301323,1,57.740,100,301323.SH,B,2025-08-21,14:47:21.063000
836,1021779282100704400,57,20250821,144716569,600166,2,2.730,2800,600166.SZ,S,2025-08-21,14:47:16.569000
837,,51,20250821,144720063,002126,2,37.190,200,002126.SH,S,2025-08-21,14:47:20.063000
838,,51,20250821,144719663,300891,1,10.860,1400,300891.SH,B,2025-08-21,14:47:19.663000
839,,51,20250821,144715260,301262,2,26.810,100,301262.SH,S,2025-08-21,14:47:15.260000
840,0000000061402167,61,20250821,144710967,688403,1,14.030,1200,688403.SZ,B,2025-08-21,14:47:10.967000
841,0104000074559703,61,20250821,144710260,300127,1,31.000,100,300127.SH,B,2025-08-21,14:47:10.260000
842,0101000077318338,58,20250821,144711069,000938,1,27.190,300,000938.SH,B,2025-08-21,14:47:11.069000
843,0105000076034391,58,20250821,144710989,300738,1,21.980,300,300738.SH,B,2025-08-21,14:47:10.989000
844,0101000077311592,61,20250821,144710180,002354,1,7.750,100,002354.SH,B,2025-08-21,14:47:10.180000
845,,51,20250821,144711758,300415,2,24.130,100,300415.SH,S,2025-08-21,14:47:11.758000
846,0000000061358241,58,20250821,144705682,603839,2,7.950,100,603839.SZ,S,2025-08-21,14:47:05.682000
847,,51,20250821,144708158,688222,2,22.310,200,688222.SZ,S,2025-08-21,14:47:08.158000
848,0000000061321456,58,20250821,144702085,600111,1,44.630,400,600111.SZ,B,2025-08-21,14:47:02.085000
849,,51,20250821,144705158,002162,2,4.890,700,002162.SH,S,2025-08-21,14:47:05.158000
850,,51,20250821,144704358,601956,2,7.330,100,601956.SZ,S,2025-08-21,14:47:04.358000
851,,51,20250821,144703858,600595,2,5.340,200,600595.SZ,S,2025-08-21,14:47:03.858000
852,,52,20250821,144618000,002807,2,5.030,100,002807.SH,S,2025-08-21,14:46:18
853,0101000077197622,58,20250821,144659399,300010,1,8.890,1200,300010.SH,B,2025-08-21,14:46:59.399000
854,,51,20250821,144701156,002491,2,5.480,500,002491.SH,S,2025-08-21,14:47:01.156000
855,0101000077160512,61,20250821,144654290,300010,1,8.890,900,300010.SH,B,2025-08-21,14:46:54.290000
856,,51,20250821,144657156,301032,1,14.460,600,301032.SH,B,2025-08-21,14:46:57.156000
857,,51,20250821,144655555,002354,1,7.740,800,002354.SH,B,2025-08-21,14:46:55.555000
858,,51,20250821,144655155,600117,2,3.540,500,600117.SZ,S,2025-08-21,14:46:55.155000
859,,51,20250821,144653855,002334,1,9.760,200,002334.SH,B,2025-08-21,14:46:53.855000
860,,51,20250821,144653855,600015,2,7.910,100,600015.SZ,S,2025-08-21,14:46:53.855000
861,0000000061210757,61,20250821,144648332,688403,1,14.010,200,688403.SZ,B,2025-08-21,14:46:48.332000
862,,51,20250821,144651255,000890,2,4.260,100,000890.SH,S,2025-08-21,14:46:51.255000
863,0000000061191875,58,20250821,144645451,600255,1,4.410,1800,600255.SZ,B,2025-08-21,14:46:45.451000
864,,51,20250821,144648755,000630,2,4.150,2400,000630.SH,S,2025-08-21,14:46:48.755000
865,,51,20250821,144646955,600869,1,6.430,3600,600869.SZ,B,2025-08-21,14:46:46.955000
866,,51,20250821,144643454,688011,2,40.960,159,688011.SZ,S,2025-08-21,14:46:43.454000
867,,51,20250821,144638454,301080,2,57.760,100,301080.SH,S,2025-08-21,14:46:38.454000
868,,51,20250821,144637054,688108,1,33.370,200,688108.SZ,B,2025-08-21,14:46:37.054000
869,,52,20250821,144618000,002354,1,7.740,200,002354.SH,B,2025-08-21,14:46:18
870,,52,20250821,144618000,002354,1,7.740,400,002354.SH,B,2025-08-21,14:46:18
871,,51,20250821,144636054,600114,1,27.200,600,600114.SZ,B,2025-08-21,14:46:36.054000
872,,51,20250821,144634354,001269,1,30.040,200,001269.SH,B,2025-08-21,14:46:34.354000
873,,52,20250821,144619000,300058,1,7.100,160,300058.SH,B,2025-08-21,14:46:19
874,,51,20250821,144632747,605116,2,24.150,100,605116.SZ,S,2025-08-21,14:46:32.747000
875,,51,20250821,144632247,001269,1,30.040,100,001269.SH,B,2025-08-21,14:46:32.247000
876,,51,20250821,144632047,688108,1,33.350,400,688108.SZ,B,2025-08-21,14:46:32.047000
877,,52,20250821,144619000,300058,1,7.100,340,300058.SH,B,2025-08-21,14:46:19
878,,51,20250821,144631047,688306,2,12.330,281,688306.SZ,S,2025-08-21,14:46:31.047000
879,0000000061101656,61,20250821,144626178,601208,2,17.410,100,601208.SZ,S,2025-08-21,14:46:26.178000
880,,51,20250821,144629847,002722,2,19.520,400,002722.SH,S,2025-08-21,14:46:29.847000
881,0102000075778598,61,20250821,144623240,002685,1,7.820,800,002685.SH,B,2025-08-21,14:46:23.240000
882,0102000075775482,58,20250821,144622867,300170,1,19.110,600,300170.SH,B,2025-08-21,14:46:22.867000
883,0102000075778585,59,20250821,144623000,002685,1,7.820,100,002685.SH,B,2025-08-21,14:46:23
884,,51,20250821,144626246,688108,1,33.260,200,688108.SZ,B,2025-08-21,14:46:26.246000
885,,51,20250821,144626246,002716,2,4.860,2300,002716.SH,S,2025-08-21,14:46:26.246000
886,,51,20250821,144626246,600712,2,7.540,700,600712.SZ,S,2025-08-21,14:46:26.246000
887,,51,20250821,144626046,601838,2,18.270,200,601838.SZ,S,2025-08-21,14:46:26.046000
888,,51,20250821,144626046,300771,2,13.850,400,300771.SH,S,2025-08-21,14:46:26.046000
889,0102000075767944,59,20250821,144621000,002685,1,7.820,100,002685.SH,B,2025-08-21,14:46:21
890,,51,20250821,144625246,688011,2,40.960,183,688011.SZ,S,2025-08-21,14:46:25.246000
891,0103000077708508,59,20250821,144619000,000980,2,2.430,600,000980.SH,S,2025-08-21,14:46:19
892,,51,20250821,144623129,002774,1,11.640,800,002774.SH,B,2025-08-21,14:46:23.129000
893,0104000074222435,61,20250821,144619290,300432,1,15.400,1700,300432.SH,B,2025-08-21,14:46:19.290000
894,,51,20250821,144622329,603606,2,52.350,100,603606.SZ,S,2025-08-21,14:46:22.329000
895,0000000061051151,58,20250821,144618021,603119,1,63.340,100,603119.SZ,B,2025-08-21,14:46:18.021000
896,0000000061051150,58,20250821,144618020,603119,1,63.340,100,603119.SZ,B,2025-08-21,14:46:18.020000
897,,51,20250821,144621811,603660,1,7.960,200,603660.SZ,B,2025-08-21,14:46:21.811000
898,,51,20250821,144621010,688108,1,33.220,3,688108.SZ,B,2025-08-21,14:46:21.010000
899,0103000077696110,61,20250821,144617290,000980,2,2.430,1300,000980.SH,S,2025-08-21,14:46:17.290000
900,0101000076927034,61,20250821,144617210,300158,1,8.270,500,300158.SH,B,2025-08-21,14:46:17.210000
901,0000000061046725,61,20250821,144617323,600255,1,4.410,1500,600255.SZ,B,2025-08-21,14:46:17.323000
902,,51,20250821,144620610,002357,2,11.090,300,002357.SH,S,2025-08-21,14:46:20.610000
903,0102000075724273,58,20250821,144615952,002685,1,7.820,600,002685.SH,B,2025-08-21,14:46:15.952000
904,,51,20250821,144619510,002792,2,18.300,200,002792.SH,S,2025-08-21,14:46:19.510000
905,,51,20250821,144619510,002792,2,18.300,600,002792.SH,S,2025-08-21,14:46:19.510000
906,,51,20250821,144618609,002438,2,13.520,700,002438.SH,S,2025-08-21,14:46:18.609000
907,,51,20250821,144618609,601099,2,4.250,100,601099.SZ,S,2025-08-21,14:46:18.609000
908,,51,20250821,144618309,000425,2,8.900,600,000425.SH,S,2025-08-21,14:46:18.309000
909,,51,20250821,144617909,002438,2,13.520,400,002438.SH,S,2025-08-21,14:46:17.909000
910,,51,20250821,144617109,600906,2,7.770,5500,600906.SZ,S,2025-08-21,14:46:17.109000
911,,51,20250821,144616309,600010,2,2.670,27900,600010.SZ,S,2025-08-21,14:46:16.309000
912,,51,20250821,144616309,300542,2,25.460,100,300542.SH,S,2025-08-21,14:46:16.309000
913,,51,20250821,144616308,000981,1,2.100,500,000981.SH,B,2025-08-21,14:46:16.308000
914,,51,20250821,144616308,000717,2,2.850,200,000717.SH,S,2025-08-21,14:46:16.308000
915,,51,20250821,144616103,300766,2,44.990,200,300766.SH,S,2025-08-21,14:46:16.103000
916,0000000060860199,62,20250821,144545187,601598,1,5.610,1400,601598.SZ,B,2025-08-21,14:45:45.187000
917,0000000060839302,60,20250821,144540555,600873,2,11.040,500,600873.SZ,S,2025-08-21,14:45:40.555000
918,0103000077368679,44,20250821,144522013,002487,2,32.000,100,002487.SH,S,2025-08-21,14:45:22.013000
919,0102000075255675,60,20250821,144450280,300498,2,17.610,200,300498.SH,S,2025-08-21,14:44:50.280000
920,0102000075242677,60,20250821,144447290,300498,2,17.610,200,300498.SH,S,2025-08-21,14:44:47.290000
921,0104000073556128,62,20250821,144414760,000100,1,4.600,1100,000100.SH,B,2025-08-21,14:44:14.760000
922,0000000060470064,44,20250821,144414020,605050,2,15.560,200,605050.SZ,S,2025-08-21,14:44:14.020000
923,0104000073534766,62,20250821,144410520,000630,1,4.150,1600,000630.SH,B,2025-08-21,14:44:10.520000
924,0104000073333277,60,20250821,144327540,300373,2,59.630,100,300373.SH,S,2025-08-21,14:43:27.540000
925,0000000060218030,58,20250821,144316038,603993,2,11.020,300,603993.SZ,S,2025-08-21,14:43:16.038000
926,0000000060213823,58,20250821,144315020,603036,2,19.280,200,603036.SZ,S,2025-08-21,14:43:15.020000
927,,52,20250821,144314000,600219,2,4.140,100,600219.SZ,S,2025-08-21,14:43:14
928,0101000075942031,59,20250821,144313000,002008,1,32.760,400,002008.SH,B,2025-08-21,14:43:13
929,0101000075942029,59,20250821,144313000,002008,1,32.760,100,002008.SH,B,2025-08-21,14:43:13
930,0101000075942027,59,20250821,144313000,002008,1,32.760,100,002008.SH,B,2025-08-21,14:43:13
931,0000000060206377,58,20250821,144313091,600853,2,4.010,1500,600853.SZ,S,2025-08-21,14:43:13.091000
932,0000000060187154,58,20250821,144308101,600853,2,4.010,1500,600853.SZ,S,2025-08-21,14:43:08.101000
933,0000000060182634,58,20250821,144307025,603036,2,19.260,300,603036.SZ,S,2025-08-21,14:43:07.025000
934,,52,20250821,144306000,603036,2,19.260,100,603036.SZ,S,2025-08-21,14:43:06
935,,52,20250821,144306000,600853,2,4.010,200,600853.SZ,S,2025-08-21,14:43:06
936,0000000060141244,59,20250821,144256000,600853,2,4.010,1200,600853.SZ,S,2025-08-21,14:42:56
937,0000000060141264,61,20250821,144256168,600853,2,4.010,2800,600853.SZ,S,2025-08-21,14:42:56.168000
938,,52,20250821,144241000,600010,2,2.670,1300,600010.SZ,S,2025-08-21,14:42:41
939,0104000073012812,58,20250821,144218332,000796,1,5.350,600,000796.SH,B,2025-08-21,14:42:18.332000
940,0000000059978875,44,20250821,144208051,603916,1,11.120,300,603916.SZ,B,2025-08-21,14:42:08.051000
941,0104000072884342,60,20250821,144152380,300373,2,59.650,100,300373.SH,S,2025-08-21,14:41:52.380000
942,0104000072827574,60,20250821,144141220,300373,2,59.640,100,300373.SH,S,2025-08-21,14:41:41.220000
943,0000000059790819,60,20250821,144121015,600486,2,68.810,100,600486.SZ,S,2025-08-21,14:41:21.015000
944,0102000074232589,58,20250821,144110704,002780,2,14.210,300,002780.SH,S,2025-08-21,14:41:10.704000
945,0102000074184428,58,20250821,144106112,002780,2,14.210,100,002780.SH,S,2025-08-21,14:41:06.112000
946,0105000074047604,58,20250821,144059685,002402,1,32.680,200,002402.SH,B,2025-08-21,14:40:59.685000
947,0000000059556977,60,20250821,144055300,600104,1,19.710,200,600104.SZ,B,2025-08-21,14:40:55.300000
948,0000000059538128,62,20250821,144051207,601168,1,17.900,600,601168.SZ,B,2025-08-21,14:40:51.207000
949,0101000075031547,44,20250821,144041007,300042,2,26.720,200,300042.SH,S,2025-08-21,14:40:41.007000
950,0000000059265112,60,20250821,143954296,601088,1,38.370,100,601088.SZ,B,2025-08-21,14:39:54.296000
951,0105000073629293,61,20250821,143947260,002402,1,32.640,600,002402.SH,B,2025-08-21,14:39:47.260000
952,0000000059225818,60,20250821,143945298,601088,1,38.370,100,601088.SZ,B,2025-08-21,14:39:45.298000
953,1021779282098358300,57,20250821,143944581,601128,2,7.670,1200,601128.SZ,S,2025-08-21,14:39:44.581000
954,0105000073568842,60,20250821,143935600,000776,1,20.830,400,000776.SH,B,2025-08-21,14:39:35.600000
955,0105000073566920,60,20250821,143935200,000776,1,20.830,200,000776.SH,B,2025-08-21,14:39:35.200000
956,0103000075514618,44,20250821,143920353,002222,2,41.860,100,002222.SH,S,2025-08-21,14:39:20.353000
957,0101000074535565,60,20250821,143917210,300693,2,37.380,100,300693.SH,S,2025-08-21,14:39:17.210000
958,0000000059088715,62,20250821,143915733,601658,1,6.220,500,601658.SZ,B,2025-08-21,14:39:15.733000
959,0000000059087508,62,20250821,143915534,601658,1,6.220,400,601658.SZ,B,2025-08-21,14:39:15.534000
960,0101000074516470,60,20250821,143914210,300693,2,37.380,100,300693.SH,S,2025-08-21,14:39:14.210000
961,0000000059065859,58,20250821,143912209,600114,2,27.190,200,600114.SZ,S,2025-08-21,14:39:12.209000
962,0104000071893770,60,20250821,143911810,000630,1,4.140,1500,000630.SH,B,2025-08-21,14:39:11.810000
963,0000000059020259,60,20250821,143906025,600104,1,19.690,200,600104.SZ,B,2025-08-21,14:39:06.025000
964,1021779282098163800,57,20250821,143859724,601658,2,6.220,800,601658.SZ,S,2025-08-21,14:38:59.724000
965,0000000058780188,62,20250821,143818287,601128,1,7.670,400,601128.SZ,B,2025-08-21,14:38:18.287000
966,0000000058700197,58,20250821,143803334,603993,2,11.020,600,603993.SZ,S,2025-08-21,14:38:03.334000
967,,52,20250821,143754000,603993,2,11.020,300,603993.SZ,S,2025-08-21,14:37:54
968,0102000073020640,62,20250821,143755020,000402,1,3.030,1800,000402.SH,B,2025-08-21,14:37:55.020000
969,0103000074927560,60,20250821,143734460,000423,2,51.010,100,000423.SH,S,2025-08-21,14:37:34.460000
970,0000000058538498,61,20250821,143729230,603036,2,19.290,500,603036.SZ,S,2025-08-21,14:37:29.230000
971,0104000071298186,59,20250821,143727000,000962,2,20.870,100,000962.SH,S,2025-08-21,14:37:27
972,0000000058448323,59,20250821,143710000,603036,2,19.310,200,603036.SZ,S,2025-08-21,14:37:10
973,0000000058390520,59,20250821,143658000,600166,2,2.730,100,600166.SZ,S,2025-08-21,14:36:58
974,0000000058330867,60,20250821,143642278,601319,1,8.720,400,601319.SZ,B,2025-08-21,14:36:42.278000
975,0000000058330872,60,20250821,143642286,603319,2,34.810,100,603319.SZ,S,2025-08-21,14:36:42.286000
976,0000000058311410,60,20250821,143636286,601088,1,38.370,100,601088.SZ,B,2025-08-21,14:36:36.286000
977,0000000058302680,62,20250821,143633851,603236,2,94.820,100,603236.SZ,S,2025-08-21,14:36:33.851000
978,0000000058273599,62,20250821,143626064,603236,2,94.830,100,603236.SZ,S,2025-08-21,14:36:26.064000
979,0000000058269426,62,20250821,143625293,603236,2,94.820,100,603236.SZ,S,2025-08-21,14:36:25.293000
980,0000000058265490,60,20250821,143624278,601088,1,38.370,100,601088.SZ,B,2025-08-21,14:36:24.278000
981,0000000058261913,60,20250821,143623294,601088,1,38.370,100,601088.SZ,B,2025-08-21,14:36:23.294000
982,0000000058248782,62,20250821,143620287,603236,2,94.780,100,603236.SZ,S,2025-08-21,14:36:20.287000
983,0000000058244239,60,20250821,143619285,601088,1,38.370,100,601088.SZ,B,2025-08-21,14:36:19.285000
984,0101000073489783,44,20250821,143617239,300042,2,26.800,200,300042.SH,S,2025-08-21,14:36:17.239000
985,1021779282097592400,57,20250821,143614508,601898,2,12.130,500,601898.SZ,S,2025-08-21,14:36:14.508000
986,1021779282097592300,57,20250821,143614508,601898,2,12.130,100,601898.SZ,S,2025-08-21,14:36:14.508000
987,0104000070889836,60,20250821,143613200,300373,2,59.630,100,300373.SH,S,2025-08-21,14:36:13.200000
988,0000000058078608,61,20250821,143601237,600561,2,7.210,500,600561.SZ,S,2025-08-21,14:36:01.237000
989,0104000070721692,58,20250821,143559181,000796,1,5.340,1600,000796.SH,B,2025-08-21,14:35:59.181000
990,1021779282097331600,57,20250821,143557872,600688,2,2.920,2000,600688.SZ,S,2025-08-21,14:35:57.872000
991,0105000072260824,58,20250821,143557003,002402,1,32.660,200,002402.SH,B,2025-08-21,14:35:57.003000
992,,52,20250821,143536000,600688,2,2.920,100,600688.SZ,S,2025-08-21,14:35:36
993,0000000058047665,58,20250821,143556761,600561,2,7.210,100,600561.SZ,S,2025-08-21,14:35:56.761000
994,0000000058046934,58,20250821,143556655,600561,2,7.210,100,600561.SZ,S,2025-08-21,14:35:56.655000
995,0000000058046676,58,20250821,143556617,600561,2,7.210,400,600561.SZ,S,2025-08-21,14:35:56.617000
996,0000000058023801,60,20250821,143551274,600332,2,27.410,100,600332.SZ,S,2025-08-21,14:35:51.274000
997,0000000058023802,60,20250821,143551274,600332,2,27.410,100,600332.SZ,S,2025-08-21,14:35:51.274000
998,0000000058018846,60,20250821,143550287,600332,2,27.410,200,600332.SZ,S,2025-08-21,14:35:50.287000
999,1021779282097297400,57,20250821,143549669,000553,2,7.080,900,000553.SH,S,2025-08-21,14:35:49.669000
1000,0000000057999128,59,20250821,143546000,603699,2,32.820,100,603699.SZ,S,2025-08-21,14:35:46
1001,0000000057981008,60,20250821,143542285,600733,1,9.170,500,600733.SZ,B,2025-08-21,14:35:42.285000
1002,0000000057979938,60,20250821,143542010,600733,1,9.170,400,600733.SZ,B,2025-08-21,14:35:42.010000
1003,0101000073132975,61,20250821,143535120,002354,1,7.710,900,002354.SH,B,2025-08-21,14:35:35.120000
1004,0000000057911564,44,20250821,143528042,600066,1,27.200,200,600066.SZ,B,2025-08-21,14:35:28.042000
1005,0105000072105712,58,20250821,143527900,002402,1,32.670,300,002402.SH,B,2025-08-21,14:35:27.900000
1006,,52,20250821,143525000,600712,2,7.550,100,600712.SZ,S,2025-08-21,14:35:25
1007,0000000057896026,44,20250821,143525019,600066,1,27.200,200,600066.SZ,B,2025-08-21,14:35:25.019000
1008,0101000072991639,62,20250821,143513210,000001,2,12.140,1000,000001.SH,S,2025-08-21,14:35:13.210000
1009,1021779282096928200,57,20250821,143507823,000100,2,4.600,1300,000100.SH,S,2025-08-21,14:35:07.823000
1010,0105000071959640,58,20250821,143504898,002402,1,32.670,100,002402.SH,B,2025-08-21,14:35:04.898000
1011,0105000071934529,44,20250821,143501920,301050,1,53.430,100,301050.SH,B,2025-08-21,14:35:01.920000
1012,1021779282096871000,57,20250821,143459269,000600,2,7.540,800,000600.SH,S,2025-08-21,14:34:59.269000
1013,0101000072867543,61,20250821,143458250,000938,1,27.130,100,000938.SH,B,2025-08-21,14:34:58.250000
1014,0101000072867541,61,20250821,143458250,000938,1,27.130,200,000938.SH,B,2025-08-21,14:34:58.250000
1015,,52,20250821,143455000,600111,1,44.550,100,600111.SZ,B,2025-08-21,14:34:55
1016,,52,20250821,143455000,600111,1,44.550,300,600111.SZ,B,2025-08-21,14:34:55
1017,0105000071888078,62,20250821,143455190,000553,1,7.080,300,000553.SH,B,2025-08-21,14:34:55.190000
1018,0105000071888074,62,20250821,143455190,000553,1,7.080,100,000553.SH,B,2025-08-21,14:34:55.190000
1019,0105000071888072,62,20250821,143455190,000553,1,7.080,200,000553.SH,B,2025-08-21,14:34:55.190000
1020,0105000071888076,62,20250821,143455190,000553,1,7.080,200,000553.SH,B,2025-08-21,14:34:55.190000
1021,0105000071881362,44,20250821,143454190,300723,1,69.730,100,300723.SH,B,2025-08-21,14:34:54.190000
1022,0102000071909933,44,20250821,143452957,000898,2,2.710,2300,000898.SH,S,2025-08-21,14:34:52.957000
1023,0000000057703482,61,20250821,143451979,600111,1,44.500,300,600111.SZ,B,2025-08-21,14:34:51.979000
1024,0000000057697355,44,20250821,143451018,601666,2,8.110,300,601666.SZ,S,2025-08-21,14:34:51.018000
1025,0104000070308899,61,20250821,143451090,002126,1,37.030,200,002126.SH,B,2025-08-21,14:34:51.090000
1026,0104000070308841,61,20250821,143451080,002126,1,37.030,100,002126.SH,B,2025-08-21,14:34:51.080000
1027,,52,20250821,143449000,600111,1,44.530,200,600111.SZ,B,2025-08-21,14:34:49
1028,0000000057680659,59,20250821,143448000,600111,1,44.500,600,600111.SZ,B,2025-08-21,14:34:48
1029,0104000070275654,62,20250821,143445870,000630,1,4.150,1900,000630.SH,B,2025-08-21,14:34:45.870000
1030,0000000057591340,60,20250821,143436494,601089,1,26.410,400,601089.SZ,B,2025-08-21,14:34:36.494000
1031,1021779282096658900,57,20250821,143426619,601872,2,6.190,100,601872.SZ,S,2025-08-21,14:34:26.619000
1032,1021779282096658800,57,20250821,143426619,601872,2,6.190,800,601872.SZ,S,2025-08-21,14:34:26.619000
1033,1021779282096658700,57,20250821,143426618,601872,2,6.190,100,601872.SZ,S,2025-08-21,14:34:26.618000
1034,0103000073748533,60,20250821,143419190,000423,2,51.050,100,000423.SH,S,2025-08-21,14:34:19.190000
1035,0000000057490414,60,20250821,143418669,601089,1,26.410,300,601089.SZ,B,2025-08-21,14:34:18.669000
1036,0105000071630426,59,20250821,143414000,300048,2,6.860,100,300048.SH,S,2025-08-21,14:34:14
1037,1021779282096515900,57,20250821,143411623,603456,2,18.380,300,603456.SZ,S,2025-08-21,14:34:11.623000
1038,0000000057442612,59,20250821,143411000,600561,2,7.220,200,600561.SZ,S,2025-08-21,14:34:11
1039,0000000057426659,60,20250821,143409248,600893,2,39.560,100,600893.SZ,S,2025-08-21,14:34:09.248000
1040,1021779282096435200,57,20250821,143408499,600866,2,8.250,900,600866.SZ,S,2025-08-21,14:34:08.499000
1041,0102000071606741,61,20250821,143407240,002780,2,14.210,300,002780.SH,S,2025-08-21,14:34:07.240000
1042,0102000071606362,59,20250821,143407000,002780,2,14.210,100,002780.SH,S,2025-08-21,14:34:07
1043,0000000057336834,61,20250821,143358225,600010,2,2.670,2100,600010.SZ,S,2025-08-21,14:33:58.225000
1044,0000000057332918,60,20250821,143357259,600066,1,27.250,300,600066.SZ,B,2025-08-21,14:33:57.259000
1045,0000000057311012,60,20250821,143351649,601089,1,26.460,200,601089.SZ,B,2025-08-21,14:33:51.649000
1046,0000000057298233,58,20250821,143349010,603993,2,11.040,700,603993.SZ,S,2025-08-21,14:33:49.010000
1047,0000000057281424,60,20250821,143345502,601089,1,26.460,400,601089.SZ,B,2025-08-21,14:33:45.502000
1048,0000000057279487,61,20250821,143345168,603993,2,11.040,1500,603993.SZ,S,2025-08-21,14:33:45.168000
1049,0000000057253764,59,20250821,143341000,603993,2,11.040,600,603993.SZ,S,2025-08-21,14:33:41
1050,0000000057241764,60,20250821,143338543,601089,1,26.470,100,601089.SZ,B,2025-08-21,14:33:38.543000
1051,0000000057230828,60,20250821,143336182,601089,1,26.470,500,601089.SZ,B,2025-08-21,14:33:36.182000
1052,0000000057210076,58,20250821,143330087,600010,2,2.670,2300,600010.SZ,S,2025-08-21,14:33:30.087000
1053,,52,20250821,143329000,600010,2,2.670,2100,600010.SZ,S,2025-08-21,14:33:29
1054,0000000057200091,59,20250821,143327000,600010,2,2.670,900,600010.SZ,S,2025-08-21,14:33:27
1055,0104000069766855,61,20250821,143325240,002126,1,37.190,300,002126.SH,B,2025-08-21,14:33:25.240000
1056,1021779282096021200,57,20250821,143325811,002807,2,5.030,1200,002807.SH,S,2025-08-21,14:33:25.811000
1057,0000000057186159,58,20250821,143322617,603978,2,17.100,300,603978.SZ,S,2025-08-21,14:33:22.617000
1058,1021779282095981400,57,20250821,143321890,601011,2,2.840,1700,601011.SZ,S,2025-08-21,14:33:21.890000
1059,1021779282095981500,57,20250821,143321890,601011,2,2.840,700,601011.SZ,S,2025-08-21,14:33:21.890000
1060,1021779282095896600,57,20250821,143317527,603766,2,13.740,600,603766.SZ,S,2025-08-21,14:33:17.527000
1061,1021779282095828200,57,20250821,143311573,002948,2,5.070,200,002948.SH,S,2025-08-21,14:33:11.573000
1062,1021779282095828100,57,20250821,143311573,002948,2,5.070,800,002948.SH,S,2025-08-21,14:33:11.573000
1063,0104000069699182,60,20250821,143310300,002595,2,59.680,200,002595.SH,S,2025-08-21,14:33:10.300000
1064,,52,20250821,143309000,002414,2,12.370,100,002414.SH,S,2025-08-21,14:33:09
1065,0000000057129593,61,20250821,143308209,603978,2,17.100,100,603978.SZ,S,2025-08-21,14:33:08.209000
1066,0000000057129592,61,20250821,143308209,603978,2,17.100,200,603978.SZ,S,2025-08-21,14:33:08.209000
1067,0000000057129599,59,20250821,143308000,603978,2,17.100,100,603978.SZ,S,2025-08-21,14:33:08
1068,,52,20250821,143259000,002807,2,5.030,100,002807.SH,S,2025-08-21,14:32:59
1069,0104000069578844,59,20250821,143251000,300542,2,25.200,200,300542.SH,S,2025-08-21,14:32:51
1070,0104000069578387,61,20250821,143251150,300542,2,25.200,600,300542.SH,S,2025-08-21,14:32:51.150000
1071,0000000057042208,61,20250821,143250721,600392,2,23.220,100,600392.SZ,S,2025-08-21,14:32:50.721000
1072,0103000073264016,62,20250821,143248830,002807,1,5.030,1100,002807.SH,B,2025-08-21,14:32:48.830000
1073,0104000069563812,58,20250821,143247982,300542,2,25.200,700,300542.SH,S,2025-08-21,14:32:47.982000
1074,0104000069560441,58,20250821,143247134,000796,1,5.370,100,000796.SH,B,2025-08-21,14:32:47.134000
1075,,52,20250821,143247000,300542,2,25.210,100,300542.SH,S,2025-08-21,14:32:47
1076,0104000069553359,58,20250821,143245975,000796,1,5.370,1700,000796.SH,B,2025-08-21,14:32:45.975000
1077,0105000071093114,59,20250821,143238000,300813,2,26.600,100,300813.SH,S,2025-08-21,14:32:38
1078,0101000071957189,59,20250821,143230000,002354,2,7.760,100,002354.SH,S,2025-08-21,14:32:30
1079,0000000056949440,59,20250821,143229000,600114,2,27.310,300,600114.SZ,S,2025-08-21,14:32:29
1080,0101000071900026,44,20250821,143216948,300203,2,21.070,700,300203.SH,S,2025-08-21,14:32:16.948000
1081,0000000056911890,62,20250821,143216482,601003,1,5.970,2500,601003.SZ,B,2025-08-21,14:32:16.482000
1082,0101000071894078,58,20250821,143215671,301446,2,30.050,20,301446.SH,S,2025-08-21,14:32:15.671000
1083,0105000070990244,60,20250821,143214260,002142,2,28.130,300,002142.SH,S,2025-08-21,14:32:14.260000
1084,0102000070988992,58,20250821,143205046,301010,2,20.820,100,301010.SH,S,2025-08-21,14:32:05.046000
1085,0000000056808638,58,20250821,143147069,600114,2,27.300,200,600114.SZ,S,2025-08-21,14:31:47.069000
1086,0000000056808637,58,20250821,143147069,600114,2,27.300,100,600114.SZ,S,2025-08-21,14:31:47.069000
1087,,52,20250821,143145000,600392,2,23.210,200,600392.SZ,S,2025-08-21,14:31:45
1088,0101000071741990,58,20250821,143145666,301446,2,30.050,80,301446.SH,S,2025-08-21,14:31:45.666000
1089,0101000071696005,58,20250821,143134967,002354,2,7.760,400,002354.SH,S,2025-08-21,14:31:34.967000
1090,0104000069200010,58,20250821,143130108,002126,1,37.320,300,002126.SH,B,2025-08-21,14:31:30.108000
1091,0000000056747385,62,20250821,143130258,600732,1,14.720,300,600732.SZ,B,2025-08-21,14:31:30.258000
1092,0104000069197173,58,20250821,143129322,002126,1,37.320,100,002126.SH,B,2025-08-21,14:31:29.322000
1093,0104000069197170,58,20250821,143129322,002126,1,37.320,100,002126.SH,B,2025-08-21,14:31:29.322000
1094,0104000069197118,58,20250821,143129311,002126,1,37.320,200,002126.SH,B,2025-08-21,14:31:29.311000
1095,0104000069196738,58,20250821,143129189,002126,1,37.320,100,002126.SH,B,2025-08-21,14:31:29.189000
1096,0104000069196686,58,20250821,143129176,002126,1,37.320,100,002126.SH,B,2025-08-21,14:31:29.176000
1097,0104000069196683,58,20250821,143129176,002126,1,37.320,100,002126.SH,B,2025-08-21,14:31:29.176000
