,fund_id,trade_dt,trade_time,s_info_windcode,direction,price,qty
0,61,2025-10-14,2025-10-14 14:56:26,300207.SZ,B,29.700,200
1,58,2025-10-14,2025-10-14 14:56:25,300068.SZ,B,18.030,600
2,58,2025-10-14,2025-10-14 14:56:25,300068.SZ,B,18.030,300
3,58,2025-10-14,2025-10-14 14:56:25,300068.SZ,B,18.030,1100
4,61,2025-10-14,2025-10-14 14:56:23,002772.SZ,S,10.440,1500
5,63,2025-10-14,2025-10-14 14:56:22,002207.SZ,S,8.350,500
6,58,2025-10-14,2025-10-14 14:56:22,300207.SZ,B,29.700,700
7,58,2025-10-14,2025-10-14 14:56:22,002772.SZ,S,10.440,5400
8,61,2025-10-14,2025-10-14 14:56:21,300115.SZ,B,33.340,100
9,52,2025-10-14,2025-10-14 14:56:21,002772.SZ,S,10.448,1700
10,58,2025-10-14,2025-10-14 14:56:21,002394.SZ,S,11.670,200
11,58,2025-10-14,2025-10-14 14:56:19,002394.SZ,S,11.670,400
12,58,2025-10-14,2025-10-14 14:56:19,002394.SZ,S,11.670,800
13,63,2025-10-14,2025-10-14 14:56:18,000923.SZ,S,18.040,600
14,52,2025-10-14,2025-10-14 14:48:54,002390.SZ,S,3.710,600
15,61,2025-10-14,2025-10-14 14:56:17,300328.SZ,B,15.240,225
16,61,2025-10-14,2025-10-14 14:56:17,300328.SZ,B,15.240,475
17,61,2025-10-14,2025-10-14 14:56:16,002394.SZ,S,11.660,100
18,61,2025-10-14,2025-10-14 14:56:16,002394.SZ,S,11.660,200
19,61,2025-10-14,2025-10-14 14:56:16,002394.SZ,S,11.670,100
20,61,2025-10-14,2025-10-14 14:56:15,000503.SZ,S,9.930,100
21,52,2025-10-14,2025-10-14 14:56:15,600050.SH,S,5.520,100
22,52,2025-10-14,2025-10-14 14:56:13,600785.SH,S,12.860,100
23,63,2025-10-14,2025-10-14 14:56:12,002533.SZ,S,12.620,400
24,58,2025-10-14,2025-10-14 14:56:11,600133.SH,S,10.060,300
25,58,2025-10-14,2025-10-14 14:56:04,002006.SZ,B,20.370,200
26,61,2025-10-14,2025-10-14 14:56:03,002772.SZ,S,10.470,400
27,63,2025-10-14,2025-10-14 14:55:49,000672.SZ,S,11.160,300
28,61,2025-10-14,2025-10-14 14:55:43,300073.SZ,B,63.720,300
29,52,2025-10-14,2025-10-14 14:55:30,601868.SH,B,2.500,200
30,61,2025-10-14,2025-10-14 14:55:15,300073.SZ,B,63.650,200
31,61,2025-10-14,2025-10-14 14:55:08,300438.SZ,B,35.610,100
32,61,2025-10-14,2025-10-14 14:54:56,600159.SH,S,2.950,600
33,59,2025-10-14,2025-10-14 14:54:54,002772.SZ,S,10.480,800
34,63,2025-10-14,2025-10-14 14:54:47,600000.SH,S,12.820,300
35,63,2025-10-14,2025-10-14 14:54:45,600150.SH,S,35.310,200
36,58,2025-10-14,2025-10-14 14:54:44,002772.SZ,S,10.480,300
37,63,2025-10-14,2025-10-14 14:54:44,000672.SZ,S,11.110,1000
38,61,2025-10-14,2025-10-14 14:54:43,002307.SZ,S,5.070,200
39,61,2025-10-14,2025-10-14 14:54:43,002307.SZ,S,5.070,1900
40,61,2025-10-14,2025-10-14 14:54:42,600604.SH,S,6.280,100
41,59,2025-10-14,2025-10-14 14:54:36,002307.SZ,S,5.070,1500
42,61,2025-10-14,2025-10-14 14:54:36,002307.SZ,S,5.070,1200
43,61,2025-10-14,2025-10-14 14:54:36,002307.SZ,S,5.070,300
44,61,2025-10-14,2025-10-14 14:54:35,002307.SZ,S,5.070,100
45,61,2025-10-14,2025-10-14 14:54:34,002307.SZ,S,5.070,300
46,61,2025-10-14,2025-10-14 14:54:32,002307.SZ,S,5.070,1100
47,63,2025-10-14,2025-10-14 14:54:30,002307.SZ,S,5.070,600
48,63,2025-10-14,2025-10-14 14:54:29,002307.SZ,S,5.070,800
49,63,2025-10-14,2025-10-14 14:54:29,002307.SZ,S,5.070,700
50,61,2025-10-14,2025-10-14 14:54:27,002307.SZ,S,5.070,700
51,63,2025-10-14,2025-10-14 14:54:26,002307.SZ,S,5.070,600
52,61,2025-10-14,2025-10-14 14:54:26,002307.SZ,S,5.070,700
53,59,2025-10-14,2025-10-14 14:54:20,002307.SZ,S,5.070,1100
54,63,2025-10-14,2025-10-14 14:54:20,002307.SZ,S,5.070,600
55,61,2025-10-14,2025-10-14 14:54:20,002307.SZ,S,5.070,600
56,61,2025-10-14,2025-10-14 14:54:10,300328.SZ,B,15.250,500
57,63,2025-10-14,2025-10-14 14:54:06,601618.SH,S,3.940,800
58,61,2025-10-14,2025-10-14 14:54:06,601618.SH,S,3.940,200
59,63,2025-10-14,2025-10-14 14:54:03,600162.SH,S,2.080,3100
60,61,2025-10-14,2025-10-14 14:54:03,300328.SZ,B,15.250,200
61,61,2025-10-14,2025-10-14 14:54:00,002772.SZ,S,10.460,400
62,61,2025-10-14,2025-10-14 14:54:00,002772.SZ,S,10.460,500
63,59,2025-10-14,2025-10-14 14:53:50,600400.SH,S,2.980,100
64,58,2025-10-14,2025-10-14 14:53:46,605333.SH,B,35.560,100
65,52,2025-10-14,2025-10-14 14:53:42,300180.SZ,S,7.580,100
66,58,2025-10-14,2025-10-14 14:53:09,300199.SZ,B,20.250,200
67,59,2025-10-14,2025-10-14 14:52:58,300328.SZ,B,15.270,500
68,63,2025-10-14,2025-10-14 14:52:57,601868.SH,B,2.500,100
69,61,2025-10-14,2025-10-14 14:52:57,300328.SZ,B,15.270,300
70,52,2025-10-14,2025-10-14 14:52:53,300207.SZ,B,29.750,200
71,61,2025-10-14,2025-10-14 14:52:52,300073.SZ,B,63.570,100
72,58,2025-10-14,2025-10-14 14:52:41,001331.SZ,S,14.900,600
73,63,2025-10-14,2025-10-14 14:52:38,300450.SZ,B,52.370,100
74,61,2025-10-14,2025-10-14 14:52:37,300328.SZ,B,15.280,100
75,61,2025-10-14,2025-10-14 14:52:37,300328.SZ,B,15.280,200
76,52,2025-10-14,2025-10-14 14:52:28,600256.SH,S,5.340,100
77,63,2025-10-14,2025-10-14 14:52:34,000757.SZ,S,5.570,300
78,63,2025-10-14,2025-10-14 14:52:34,000757.SZ,S,5.570,300
79,61,2025-10-14,2025-10-14 14:52:34,300073.SZ,B,63.540,100
80,58,2025-10-14,2025-10-14 14:52:18,300068.SZ,B,18.010,600
81,59,2025-10-14,2025-10-14 14:52:14,300068.SZ,B,18.010,500
82,58,2025-10-14,2025-10-14 14:52:12,300328.SZ,B,15.290,400
83,61,2025-10-14,2025-10-14 14:52:10,601279.SH,S,4.460,800
84,61,2025-10-14,2025-10-14 14:52:10,601279.SH,S,4.460,2000
85,58,2025-10-14,2025-10-14 14:52:10,601279.SH,S,4.460,3000
86,52,2025-10-14,2025-10-14 14:51:50,000166.SZ,S,5.380,200
87,52,2025-10-14,2025-10-14 14:51:55,000629.SZ,S,3.080,100
88,63,2025-10-14,2025-10-14 14:51:44,601618.SH,S,3.940,500
89,63,2025-10-14,2025-10-14 14:51:44,601618.SH,S,3.940,400
90,61,2025-10-14,2025-10-14 14:51:43,002772.SZ,S,10.430,500
91,61,2025-10-14,2025-10-14 14:51:41,300328.SZ,B,15.280,300
92,61,2025-10-14,2025-10-14 14:51:38,300328.SZ,B,15.280,200
93,59,2025-10-14,2025-10-14 14:51:38,001331.SZ,S,14.880,200
94,61,2025-10-14,2025-10-14 14:51:38,001331.SZ,S,14.880,500
95,52,2025-10-14,2025-10-14 14:51:32,001331.SZ,S,14.890,100
96,52,2025-10-14,2025-10-14 14:51:31,002815.SZ,S,13.580,100
97,61,2025-10-14,2025-10-14 14:51:30,002772.SZ,S,10.420,1000
98,58,2025-10-14,2025-10-14 14:51:28,600604.SH,S,6.260,200
99,61,2025-10-14,2025-10-14 14:51:23,601018.SH,S,3.810,100
100,52,2025-10-14,2025-10-14 14:51:18,601136.SH,S,21.930,100
101,52,2025-10-14,2025-10-14 14:50:20,002420.SZ,B,7.950,100
102,52,2025-10-14,2025-10-14 14:50:20,002420.SZ,B,7.950,100
103,58,2025-10-14,2025-10-14 14:50:47,300328.SZ,B,15.310,2200
104,58,2025-10-14,2025-10-14 14:50:47,605333.SH,B,35.570,100
105,63,2025-10-14,2025-10-14 14:50:47,000757.SZ,S,5.570,700
106,52,2025-10-14,2025-10-14 14:50:40,300328.SZ,B,15.320,100
107,52,2025-10-14,2025-10-14 14:50:40,300328.SZ,B,15.320,300
108,52,2025-10-14,2025-10-14 14:50:26,600638.SH,S,6.050,500
109,58,2025-10-14,2025-10-14 14:50:30,601279.SH,S,4.450,3100
110,52,2025-10-14,2025-10-14 14:50:24,601233.SH,S,13.450,100
111,58,2025-10-14,2025-10-14 14:50:20,002307.SZ,S,5.030,5100
112,61,2025-10-14,2025-10-14 14:50:12,300207.SZ,B,29.730,200
113,52,2025-10-14,2025-10-14 14:49:45,002256.SZ,S,3.070,100
114,58,2025-10-14,2025-10-14 14:50:05,002583.SZ,B,11.230,200
115,63,2025-10-14,2025-10-14 14:49:54,600036.SH,B,41.260,100
116,58,2025-10-14,2025-10-14 14:49:51,600577.SH,B,10.630,800
117,61,2025-10-14,2025-10-14 14:49:46,300207.SZ,B,29.680,200
118,61,2025-10-14,2025-10-14 14:49:43,002772.SZ,S,10.450,500
119,63,2025-10-14,2025-10-14 14:49:43,600337.SH,S,2.310,1000
120,59,2025-10-14,2025-10-14 14:49:41,002772.SZ,S,10.450,200
121,59,2025-10-14,2025-10-14 14:49:41,002772.SZ,S,10.450,300
122,61,2025-10-14,2025-10-14 14:49:42,002772.SZ,S,10.450,500
123,61,2025-10-14,2025-10-14 14:49:41,002772.SZ,S,10.450,100
124,59,2025-10-14,2025-10-14 14:49:41,002772.SZ,S,10.450,300
125,59,2025-10-14,2025-10-14 14:49:41,002772.SZ,S,10.450,300
126,58,2025-10-14,2025-10-14 14:49:40,603031.SH,B,38.750,200
127,63,2025-10-14,2025-10-14 14:49:38,300450.SZ,B,52.390,200
128,61,2025-10-14,2025-10-14 14:49:38,300073.SZ,B,63.270,200
129,58,2025-10-14,2025-10-14 14:49:37,002307.SZ,S,5.030,2400
130,52,2025-10-14,2025-10-14 14:46:58,002307.SZ,S,5.030,2100
131,52,2025-10-14,2025-10-14 14:46:58,002307.SZ,S,5.030,200
132,59,2025-10-14,2025-10-14 14:49:27,000757.SZ,S,5.570,300
133,61,2025-10-14,2025-10-14 14:49:27,000757.SZ,S,5.570,1000
134,63,2025-10-14,2025-10-14 14:49:27,000757.SZ,S,5.570,1400
135,61,2025-10-14,2025-10-14 14:49:20,000404.SZ,S,7.180,100
136,52,2025-10-14,2025-10-14 14:49:14,000063.SZ,S,50.280,100
137,63,2025-10-14,2025-10-14 14:49:00,600000.SH,S,12.770,400
138,58,2025-10-14,2025-10-14 14:48:56,002400.SZ,B,8.070,200
139,52,2025-10-14,2025-10-14 14:48:36,003816.SZ,S,3.910,100
140,58,2025-10-14,2025-10-14 14:48:33,002622.SZ,S,3.190,100
141,52,2025-10-14,2025-10-14 14:48:21,002451.SZ,B,6.750,200
142,58,2025-10-14,2025-10-14 14:48:29,300925.SZ,B,24.510,200
143,61,2025-10-14,2025-10-14 14:48:28,300925.SZ,B,24.510,300
144,58,2025-10-14,2025-10-14 14:48:28,002897.SZ,B,44.750,200
145,58,2025-10-14,2025-10-14 14:48:28,300170.SZ,B,17.210,400
146,58,2025-10-14,2025-10-14 14:48:26,002394.SZ,S,11.670,800
147,58,2025-10-14,2025-10-14 14:48:26,002394.SZ,S,11.670,1200
148,52,2025-10-14,2025-10-14 14:48:25,002394.SZ,S,11.670,300
149,63,2025-10-14,2025-10-14 14:48:24,300274.SZ,B,139.810,200
150,63,2025-10-14,2025-10-14 14:48:20,601318.SH,B,56.410,100
151,61,2025-10-14,2025-10-14 14:48:17,300115.SZ,B,33.230,100
152,52,2025-10-14,2025-10-14 14:47:52,600251.SH,S,9.050,200
153,52,2025-10-14,2025-10-14 14:48:13,002785.SZ,B,36.380,200
154,61,2025-10-14,2025-10-14 14:48:04,002394.SZ,S,11.640,200
155,58,2025-10-14,2025-10-14 14:48:04,601618.SH,S,3.930,100
156,52,2025-10-14,2025-10-14 14:47:20,601121.SH,S,7.100,100
157,59,2025-10-14,2025-10-14 14:48:04,002394.SZ,S,11.640,500
158,61,2025-10-14,2025-10-14 14:48:04,002394.SZ,S,11.640,400
159,52,2025-10-14,2025-10-14 14:46:58,601618.SH,S,3.930,100
160,63,2025-10-14,2025-10-14 14:48:03,000923.SZ,S,17.930,200
161,52,2025-10-14,2025-10-14 14:46:58,600469.SH,S,6.220,100
162,52,2025-10-14,2025-10-14 14:47:20,601121.SH,S,7.100,100
163,61,2025-10-14,2025-10-14 14:47:55,600133.SH,S,10.030,700
164,58,2025-10-14,2025-10-14 14:47:54,600133.SH,S,10.030,500
165,59,2025-10-14,2025-10-14 14:47:54,600133.SH,S,10.030,200
166,52,2025-10-14,2025-10-14 14:47:53,600133.SH,S,10.030,200
167,63,2025-10-14,2025-10-14 14:47:51,000923.SZ,S,17.930,600
168,58,2025-10-14,2025-10-14 14:47:51,600577.SH,B,10.610,300
169,63,2025-10-14,2025-10-14 14:47:50,000923.SZ,S,17.930,100
170,63,2025-10-14,2025-10-14 14:47:51,601233.SH,S,13.380,700
171,63,2025-10-14,2025-10-14 14:47:49,002371.SZ,S,399.880,100
172,63,2025-10-14,2025-10-14 14:47:49,000923.SZ,S,17.920,200
173,63,2025-10-14,2025-10-14 14:47:48,002850.SZ,B,160.260,100
174,63,2025-10-14,2025-10-14 14:47:44,000672.SZ,S,11.040,900
175,61,2025-10-14,2025-10-14 14:47:44,000672.SZ,S,11.040,100
176,63,2025-10-14,2025-10-14 14:47:44,600438.SH,S,23.040,300
177,63,2025-10-14,2025-10-14 14:47:44,000672.SZ,S,11.040,500
178,58,2025-10-14,2025-10-14 14:47:43,000672.SZ,S,11.040,100
179,59,2025-10-14,2025-10-14 14:47:43,000672.SZ,S,11.040,100
180,52,2025-10-14,2025-10-14 14:47:42,000672.SZ,S,11.040,100
181,63,2025-10-14,2025-10-14 14:47:35,601328.SH,B,6.850,100
182,63,2025-10-14,2025-10-14 14:47:33,002456.SZ,B,12.040,100
183,63,2025-10-14,2025-10-14 14:47:33,601717.SH,B,23.490,100
184,58,2025-10-14,2025-10-14 14:47:31,300199.SZ,B,20.240,200
185,63,2025-10-14,2025-10-14 14:47:32,601818.SH,B,3.420,100
186,63,2025-10-14,2025-10-14 14:47:31,000923.SZ,S,17.920,300
187,52,2025-10-14,2025-10-14 14:46:58,601818.SH,S,3.420,100
188,58,2025-10-14,2025-10-14 14:47:31,300846.SZ,B,21.410,200
189,58,2025-10-14,2025-10-14 14:47:31,000923.SZ,S,17.920,100
190,52,2025-10-14,2025-10-14 14:47:30,000923.SZ,S,17.920,100
191,61,2025-10-14,2025-10-14 14:47:28,300115.SZ,B,33.200,100
192,58,2025-10-14,2025-10-14 14:47:25,301108.SZ,S,34.700,200
193,63,2025-10-14,2025-10-14 14:47:25,300073.SZ,B,63.030,400
194,52,2025-10-14,2025-10-14 14:47:22,600580.SH,B,43.330,200
195,63,2025-10-14,2025-10-14 14:47:22,600183.SH,B,56.030,100
196,58,2025-10-14,2025-10-14 14:47:22,000009.SZ,B,11.340,200
197,58,2025-10-14,2025-10-14 14:47:20,300276.SZ,B,9.520,200
198,61,2025-10-14,2025-10-14 14:47:20,300199.SZ,B,20.220,200
199,61,2025-10-14,2025-10-14 14:47:20,300199.SZ,B,20.220,100
200,58,2025-10-14,2025-10-14 14:47:19,002654.SZ,B,14.410,200
201,58,2025-10-14,2025-10-14 14:47:18,000757.SZ,S,5.560,300
202,58,2025-10-14,2025-10-14 14:47:18,000757.SZ,S,5.560,200
203,58,2025-10-14,2025-10-14 14:47:18,000757.SZ,S,5.560,100
204,58,2025-10-14,2025-10-14 14:47:18,000757.SZ,S,5.560,100
205,58,2025-10-14,2025-10-14 14:47:18,000757.SZ,S,5.560,300
206,58,2025-10-14,2025-10-14 14:47:17,000757.SZ,S,5.560,100
207,61,2025-10-14,2025-10-14 14:47:17,301108.SZ,S,34.680,200
208,52,2025-10-14,2025-10-14 14:47:16,300438.SZ,B,35.460,200
209,58,2025-10-14,2025-10-14 14:47:15,600159.SH,S,2.940,300
210,52,2025-10-14,2025-10-14 14:46:58,600159.SH,S,2.940,200
211,52,2025-10-14,2025-10-14 14:46:58,000757.SZ,S,5.560,200
212,52,2025-10-14,2025-10-14 14:46:58,000757.SZ,S,5.560,200
213,52,2025-10-14,2025-10-14 14:47:10,300073.SZ,B,63.000,100
214,52,2025-10-14,2025-10-14 14:47:10,300073.SZ,B,63.000,100
215,58,2025-10-14,2025-10-14 14:47:12,600159.SH,S,2.940,300
216,63,2025-10-14,2025-10-14 14:47:11,600160.SH,B,36.200,100
217,61,2025-10-14,2025-10-14 14:47:11,300438.SZ,B,35.400,200
218,52,2025-10-14,2025-10-14 14:47:10,300222.SZ,B,12.970,200
219,63,2025-10-14,2025-10-14 14:47:10,002394.SZ,S,11.620,100
220,63,2025-10-14,2025-10-14 14:47:10,002394.SZ,S,11.620,200
221,52,2025-10-14,2025-10-14 14:47:09,300068.SZ,B,17.960,400
222,52,2025-10-14,2025-10-14 14:46:58,002284.SZ,S,12.490,100
223,59,2025-10-14,2025-10-14 14:47:09,600577.SH,B,10.590,500
224,59,2025-10-14,2025-10-14 14:47:05,300068.SZ,B,17.970,600
225,52,2025-10-14,2025-10-14 14:47:04,300068.SZ,B,17.970,200
226,63,2025-10-14,2025-10-14 14:47:02,002207.SZ,S,8.320,800
227,58,2025-10-14,2025-10-14 14:47:01,600658.SH,S,5.470,100
228,63,2025-10-14,2025-10-14 14:47:00,688981.SH,B,125.850,249
229,63,2025-10-14,2025-10-14 14:47:00,002533.SZ,S,12.560,600
230,52,2025-10-14,2025-10-14 14:46:59,601600.SH,S,8.590,100
231,52,2025-10-14,2025-10-14 14:46:58,600577.SH,B,10.600,400
232,63,2025-10-14,2025-10-14 14:46:58,688981.SH,B,125.880,200
233,52,2025-10-14,2025-10-14 14:46:58,600395.SH,S,5.650,100
234,61,2025-10-14,2025-10-14 14:46:57,000050.SZ,S,9.390,100
235,63,2025-10-14,2025-10-14 14:46:55,603179.SH,B,69.230,100
236,63,2025-10-14,2025-10-14 14:46:55,002028.SZ,B,101.620,100
237,63,2025-10-14,2025-10-14 14:46:55,300418.SZ,B,42.090,100
238,59,2025-10-14,2025-10-14 14:46:54,600159.SH,S,2.940,200
239,63,2025-10-14,2025-10-14 14:46:54,688981.SH,B,125.840,200
240,61,2025-10-14,2025-10-14 14:43:07,002323.SZ,S,1.750,1100
241,59,2025-10-14,2025-10-14 14:43:07,002323.SZ,S,1.750,400
242,63,2025-10-14,2025-10-14 14:42:38,601899.SH,S,29.300,179
243,63,2025-10-14,2025-10-14 14:42:38,601899.SH,S,29.300,100
244,63,2025-10-14,2025-10-14 14:42:38,601899.SH,S,29.300,621
245,52,2025-10-14,2025-10-14 14:41:51,002256.SZ,B,3.060,200
246,61,2025-10-14,2025-10-14 14:40:30,605333.SH,B,35.490,100
247,61,2025-10-14,2025-10-14 14:40:21,600688.SH,S,2.760,100
248,52,2025-10-14,2025-10-14 14:40:05,600686.SH,B,13.120,200
249,52,2025-10-14,2025-10-14 14:37:14,000166.SZ,B,5.370,200
250,58,2025-10-14,2025-10-14 14:40:06,600686.SH,B,13.120,1100
251,58,2025-10-14,2025-10-14 14:40:05,600686.SH,B,13.120,100
252,63,2025-10-14,2025-10-14 14:39:31,300014.SZ,B,77.970,100
253,59,2025-10-14,2025-10-14 14:39:00,001330.SZ,B,5.370,100
254,61,2025-10-14,2025-10-14 14:38:57,600686.SH,B,13.130,100
255,61,2025-10-14,2025-10-14 14:38:52,600686.SH,B,13.130,500
256,59,2025-10-14,2025-10-14 14:38:37,601018.SH,B,3.800,100
257,61,2025-10-14,2025-10-14 14:38:36,600686.SH,B,13.130,600
258,61,2025-10-14,2025-10-14 14:38:33,003816.SZ,S,3.920,100
259,61,2025-10-14,2025-10-14 14:37:18,002006.SZ,S,20.350,300
260,52,2025-10-14,2025-10-14 14:36:53,601963.SH,S,9.860,100
261,61,2025-10-14,2025-10-14 14:37:00,600686.SH,B,13.120,300
262,58,2025-10-14,2025-10-14 14:36:50,002772.SZ,S,10.490,300
263,52,2025-10-14,2025-10-14 14:36:48,002772.SZ,S,10.490,100
264,59,2025-10-14,2025-10-14 14:36:15,002772.SZ,S,10.480,100
265,61,2025-10-14,2025-10-14 14:36:10,002772.SZ,S,10.480,100
266,61,2025-10-14,2025-10-14 14:36:09,002772.SZ,S,10.480,100
267,52,2025-10-14,2025-10-14 14:36:04,002533.SZ,S,12.560,100
268,61,2025-10-14,2025-10-14 14:35:53,300354.SZ,S,45.130,100
269,61,2025-10-14,2025-10-14 14:35:53,300354.SZ,S,45.130,100
270,61,2025-10-14,2025-10-14 14:35:53,300354.SZ,S,45.130,100
271,58,2025-10-14,2025-10-14 14:35:46,002323.SZ,S,1.760,1200
272,52,2025-10-14,2025-10-14 14:35:45,002323.SZ,S,1.760,200
273,61,2025-10-14,2025-10-14 14:35:45,600425.SH,S,4.800,100
274,52,2025-10-14,2025-10-14 14:35:40,300354.SZ,S,45.130,100
275,61,2025-10-14,2025-10-14 14:35:33,605333.SH,B,35.510,200
276,59,2025-10-14,2025-10-14 14:35:23,600397.SH,B,7.890,100
277,52,2025-10-14,2025-10-14 14:35:03,600169.SH,S,2.690,100
278,52,2025-10-14,2025-10-14 14:34:57,000063.SZ,B,50.920,100
279,52,2025-10-14,2025-10-14 14:34:45,000063.SZ,B,50.920,100
280,63,2025-10-14,2025-10-14 14:34:38,000063.SZ,B,50.920,200
281,52,2025-10-14,2025-10-14 14:34:27,002583.SZ,S,11.250,100
282,61,2025-10-14,2025-10-14 14:34:26,603809.SH,S,14.200,100
283,59,2025-10-14,2025-10-14 14:34:25,603809.SH,S,14.200,100
284,61,2025-10-14,2025-10-14 14:34:17,002583.SZ,S,11.250,400
285,61,2025-10-14,2025-10-14 14:34:17,002583.SZ,S,11.250,300
286,61,2025-10-14,2025-10-14 14:34:14,002506.SZ,S,2.550,100
287,52,2025-10-14,2025-10-14 14:34:13,000750.SZ,S,4.550,100
288,63,2025-10-14,2025-10-14 14:34:09,300014.SZ,B,78.370,34
289,63,2025-10-14,2025-10-14 14:34:09,300014.SZ,B,78.370,66
290,61,2025-10-14,2025-10-14 14:33:54,300846.SZ,B,21.600,200
291,59,2025-10-14,2025-10-14 14:33:31,600686.SH,B,13.170,200
292,58,2025-10-14,2025-10-14 14:33:17,603809.SH,S,14.240,100
293,52,2025-10-14,2025-10-14 14:31:31,002451.SZ,S,6.780,100
294,63,2025-10-14,2025-10-14 14:33:13,600438.SH,S,23.150,100
295,52,2025-10-14,2025-10-14 14:31:20,600251.SH,B,9.070,200
296,63,2025-10-14,2025-10-14 14:32:52,601899.SH,S,29.730,1100
297,61,2025-10-14,2025-10-14 14:32:49,002272.SZ,S,16.030,100
298,61,2025-10-14,2025-10-14 14:32:47,601618.SH,S,3.950,700
299,59,2025-10-14,2025-10-14 14:32:47,601618.SH,S,3.950,300
300,63,2025-10-14,2025-10-14 14:32:27,601229.SH,S,9.590,100
301,52,2025-10-14,2025-10-14 14:32:21,002266.SZ,S,4.560,100
302,61,2025-10-14,2025-10-14 14:32:19,300276.SZ,S,9.590,100
303,58,2025-10-14,2025-10-14 14:32:02,002402.SZ,S,48.100,100
304,58,2025-10-14,2025-10-14 14:31:58,002456.SZ,S,12.140,100
305,63,2025-10-14,2025-10-14 14:31:56,002371.SZ,S,403.600,100
306,63,2025-10-14,2025-10-14 14:31:56,002245.SZ,S,18.110,100
307,63,2025-10-14,2025-10-14 14:31:56,300014.SZ,B,78.760,200
308,52,2025-10-14,2025-10-14 14:31:20,600638.SH,B,6.060,200
309,63,2025-10-14,2025-10-14 14:31:49,300593.SZ,S,19.560,200
310,52,2025-10-14,2025-10-14 14:31:20,002429.SZ,S,6.170,100
311,59,2025-10-14,2025-10-14 14:31:39,000700.SZ,B,9.710,100
312,58,2025-10-14,2025-10-14 14:31:38,601618.SH,S,3.940,800
313,52,2025-10-14,2025-10-14 14:31:20,601618.SH,S,3.940,200
314,59,2025-10-14,2025-10-14 14:31:37,600096.SH,B,28.920,100
315,59,2025-10-14,2025-10-14 14:31:37,002583.SZ,B,11.280,100
316,52,2025-10-14,2025-10-14 14:31:33,603903.SH,S,14.640,100
317,52,2025-10-14,2025-10-14 14:31:20,000757.SZ,S,5.600,100
318,52,2025-10-14,2025-10-14 14:31:20,601600.SH,B,8.690,200
319,63,2025-10-14,2025-10-14 14:31:21,002547.SZ,S,5.160,100
320,61,2025-10-14,2025-10-14 14:31:18,605333.SH,B,35.630,400
321,59,2025-10-14,2025-10-14 14:31:17,603773.SH,B,31.050,100
322,63,2025-10-14,2025-10-14 14:31:16,002241.SZ,B,32.220,200
323,63,2025-10-14,2025-10-14 14:31:16,603986.SH,B,196.030,200
324,59,2025-10-14,2025-10-14 14:31:15,600935.SH,B,2.470,100
325,59,2025-10-14,2025-10-14 14:31:16,002407.SZ,B,20.110,100
326,61,2025-10-14,2025-10-14 14:28:18,300276.SZ,B,9.570,500
327,52,2025-10-14,2025-10-14 14:27:59,603903.SH,B,14.650,200
328,59,2025-10-14,2025-10-14 14:28:09,002239.SZ,B,3.160,100
329,52,2025-10-14,2025-10-14 14:28:06,600688.SH,S,2.750,100
330,52,2025-10-14,2025-10-14 14:27:57,300354.SZ,B,45.360,100
331,61,2025-10-14,2025-10-14 14:27:54,002006.SZ,B,20.340,300
332,59,2025-10-14,2025-10-14 14:27:49,002506.SZ,B,2.550,100
333,61,2025-10-14,2025-10-14 14:27:25,002303.SZ,S,4.490,1200
334,59,2025-10-14,2025-10-14 14:27:25,002303.SZ,S,4.490,400
335,61,2025-10-14,2025-10-14 14:27:11,000009.SZ,S,11.390,200
336,61,2025-10-14,2025-10-14 14:27:11,000009.SZ,S,11.390,100
337,61,2025-10-14,2025-10-14 14:27:11,000009.SZ,S,11.390,100
338,59,2025-10-14,2025-10-14 14:26:05,300185.SZ,B,3.140,100
339,63,2025-10-14,2025-10-14 14:24:44,603019.SH,S,105.780,100
340,61,2025-10-14,2025-10-14 14:24:24,000672.SZ,S,11.060,500
341,59,2025-10-14,2025-10-14 14:22:46,002238.SZ,B,8.440,100
342,61,2025-10-14,2025-10-14 14:22:46,600604.SH,S,6.280,100
343,58,2025-10-14,2025-10-14 14:22:46,600686.SH,B,13.180,100
344,59,2025-10-14,2025-10-14 14:22:44,603520.SH,B,10.770,100
345,58,2025-10-14,2025-10-14 14:22:33,002006.SZ,B,20.360,200
346,52,2025-10-14,2025-10-14 14:22:33,002006.SZ,B,20.360,200
347,61,2025-10-14,2025-10-14 14:22:29,002006.SZ,B,20.340,400
348,61,2025-10-14,2025-10-14 14:22:27,002583.SZ,B,11.240,300
349,61,2025-10-14,2025-10-14 14:22:27,002583.SZ,B,11.240,200
350,59,2025-10-14,2025-10-14 14:22:27,002334.SZ,B,9.520,100
351,61,2025-10-14,2025-10-14 14:22:18,600397.SH,S,8.000,100
352,52,2025-10-14,2025-10-14 14:22:18,600397.SH,S,8.020,100
353,59,2025-10-14,2025-10-14 14:22:18,600397.SH,S,8.000,100
354,58,2025-10-14,2025-10-14 14:22:17,603823.SH,B,16.220,100
355,61,2025-10-14,2025-10-14 14:22:18,300276.SZ,B,9.560,1900
356,59,2025-10-14,2025-10-14 14:22:05,300276.SZ,B,9.560,100
357,59,2025-10-14,2025-10-14 14:21:59,300276.SZ,B,9.560,100
358,61,2025-10-14,2025-10-14 14:21:49,000672.SZ,S,11.050,400
359,61,2025-10-14,2025-10-14 14:21:49,000672.SZ,S,11.050,400
360,59,2025-10-14,2025-10-14 14:21:49,000672.SZ,S,11.050,400
361,59,2025-10-14,2025-10-14 14:21:49,000672.SZ,S,11.050,100
362,58,2025-10-14,2025-10-14 14:21:40,300276.SZ,B,9.570,200
363,52,2025-10-14,2025-10-14 14:21:41,300276.SZ,B,9.570,200
364,52,2025-10-14,2025-10-14 14:21:31,002745.SZ,S,9.160,100
365,59,2025-10-14,2025-10-14 14:21:31,000009.SZ,S,11.400,1100
366,61,2025-10-14,2025-10-14 14:21:29,000009.SZ,S,11.400,100
367,61,2025-10-14,2025-10-14 14:21:29,000009.SZ,S,11.400,600
368,63,2025-10-14,2025-10-14 14:21:29,601689.SH,S,64.990,100
369,52,2025-10-14,2025-10-14 14:21:26,002484.SZ,S,28.740,100
370,59,2025-10-14,2025-10-14 14:21:25,000709.SZ,B,2.640,100
371,58,2025-10-14,2025-10-14 14:21:20,000009.SZ,B,11.400,500
372,63,2025-10-14,2025-10-14 14:21:16,002517.SZ,S,24.270,200
373,63,2025-10-14,2025-10-14 14:21:16,002517.SZ,S,24.270,100
374,63,2025-10-14,2025-10-14 14:21:12,603019.SH,S,105.130,100
375,63,2025-10-14,2025-10-14 14:21:12,603019.SH,S,105.130,100
376,63,2025-10-14,2025-10-14 14:21:12,603019.SH,S,105.130,200
377,63,2025-10-14,2025-10-14 14:21:12,603019.SH,S,105.140,100
378,58,2025-10-14,2025-10-14 14:21:12,000672.SZ,S,11.060,400
379,58,2025-10-14,2025-10-14 14:21:12,000672.SZ,S,11.060,400
380,59,2025-10-14,2025-10-14 14:21:11,300129.SZ,B,8.100,100
381,59,2025-10-14,2025-10-14 14:21:07,002233.SZ,B,9.140,100
382,58,2025-10-14,2025-10-14 14:21:02,688166.SH,B,53.350,200
383,59,2025-10-14,2025-10-14 14:21:01,301363.SZ,B,22.600,100
384,59,2025-10-14,2025-10-14 14:21:01,600602.SH,B,19.620,200
385,59,2025-10-14,2025-10-14 14:21:00,600330.SH,B,10.310,100
386,58,2025-10-14,2025-10-14 14:21:01,605060.SH,S,26.700,400
387,59,2025-10-14,2025-10-14 14:21:00,002420.SZ,B,7.980,100
388,59,2025-10-14,2025-10-14 14:21:00,000811.SZ,B,14.150,200
389,59,2025-10-14,2025-10-14 14:20:59,002396.SZ,B,28.040,100
390,59,2025-10-14,2025-10-14 14:20:59,300170.SZ,B,17.230,300
391,61,2025-10-14,2025-10-14 14:20:57,600638.SH,S,6.060,500
392,59,2025-10-14,2025-10-14 14:20:57,600638.SH,S,6.060,400
393,61,2025-10-14,2025-10-14 14:20:54,002654.SZ,B,14.460,500
394,59,2025-10-14,2025-10-14 14:20:55,002654.SZ,B,14.460,200
395,59,2025-10-14,2025-10-14 14:20:52,301058.SZ,B,11.340,100
396,58,2025-10-14,2025-10-14 14:20:51,300170.SZ,B,17.230,500
397,59,2025-10-14,2025-10-14 14:20:51,603901.SH,B,11.040,100
398,59,2025-10-14,2025-10-14 14:20:50,603823.SH,B,16.220,100
399,52,2025-10-14,2025-10-14 14:20:45,002583.SZ,B,11.230,200
400,52,2025-10-14,2025-10-14 14:19:06,002429.SZ,B,6.130,200
401,52,2025-10-14,2025-10-14 14:20:49,002654.SZ,B,14.460,200
402,59,2025-10-14,2025-10-14 14:20:40,002583.SZ,B,11.230,100
403,61,2025-10-14,2025-10-14 14:20:40,000672.SZ,S,11.050,100
404,61,2025-10-14,2025-10-14 14:20:40,000672.SZ,S,11.050,200
405,61,2025-10-14,2025-10-14 14:20:37,002456.SZ,S,12.100,100
406,52,2025-10-14,2025-10-14 14:20:30,000672.SZ,S,11.050,400
407,58,2025-10-14,2025-10-14 14:20:21,000009.SZ,B,11.400,600
408,63,2025-10-14,2025-10-14 14:20:16,002456.SZ,S,12.100,300
409,61,2025-10-14,2025-10-14 14:20:13,605060.SH,S,26.650,300
410,52,2025-10-14,2025-10-14 14:18:27,000100.SZ,S,4.240,100
411,59,2025-10-14,2025-10-14 14:19:52,300507.SZ,B,9.980,100
412,59,2025-10-14,2025-10-14 14:19:49,002624.SZ,B,17.190,100
413,52,2025-10-14,2025-10-14 14:19:36,600284.SH,S,8.640,100
414,61,2025-10-14,2025-10-14 14:19:35,300182.SZ,S,6.080,100
415,59,2025-10-14,2025-10-14 14:19:36,605060.SH,S,26.660,100
416,61,2025-10-14,2025-10-14 14:19:33,600638.SH,S,6.050,500
417,59,2025-10-14,2025-10-14 14:19:31,002897.SZ,B,44.920,100
418,58,2025-10-14,2025-10-14 14:19:23,000672.SZ,S,11.050,400
419,59,2025-10-14,2025-10-14 14:19:23,603881.SH,B,32.930,200
420,52,2025-10-14,2025-10-14 14:19:20,300354.SZ,B,45.380,100
421,58,2025-10-14,2025-10-14 14:19:19,603119.SH,B,88.880,100
422,58,2025-10-14,2025-10-14 14:19:18,002897.SZ,B,44.920,100
423,59,2025-10-14,2025-10-14 14:19:19,600733.SH,B,7.660,100
424,61,2025-10-14,2025-10-14 14:19:18,002468.SZ,S,17.530,100
425,59,2025-10-14,2025-10-14 14:19:17,300541.SZ,B,17.370,200
426,58,2025-10-14,2025-10-14 14:19:15,000593.SZ,S,7.010,100
427,59,2025-10-14,2025-10-14 14:19:16,002965.SZ,B,40.470,100
428,58,2025-10-14,2025-10-14 14:19:15,600638.SH,S,6.040,1100
429,52,2025-10-14,2025-10-14 14:18:57,600638.SH,S,6.040,300
430,61,2025-10-14,2025-10-14 14:19:13,002006.SZ,B,20.340,200
431,61,2025-10-14,2025-10-14 14:19:11,002006.SZ,B,20.340,200
432,59,2025-10-14,2025-10-14 14:19:10,300158.SZ,B,6.590,200
433,61,2025-10-14,2025-10-14 14:18:58,300354.SZ,B,45.390,100
434,61,2025-10-14,2025-10-14 14:18:56,300354.SZ,B,45.390,100
435,61,2025-10-14,2025-10-14 14:18:56,300354.SZ,B,45.390,100
436,61,2025-10-14,2025-10-14 14:18:56,300354.SZ,B,45.390,100
437,61,2025-10-14,2025-10-14 14:18:56,300354.SZ,B,45.390,100
438,59,2025-10-14,2025-10-14 14:18:52,600577.SH,B,10.700,100
439,59,2025-10-14,2025-10-14 14:18:52,002020.SZ,B,18.190,200
440,59,2025-10-14,2025-10-14 14:18:49,002006.SZ,B,20.340,100
441,59,2025-10-14,2025-10-14 14:18:49,002468.SZ,B,17.510,100
442,61,2025-10-14,2025-10-14 14:18:44,600052.SH,S,5.220,100
443,59,2025-10-14,2025-10-14 14:18:41,300528.SZ,B,19.380,100
444,63,2025-10-14,2025-10-14 14:18:37,601899.SH,B,29.390,700
445,58,2025-10-14,2025-10-14 14:18:37,000672.SZ,S,11.040,400
446,59,2025-10-14,2025-10-14 14:18:32,600169.SH,B,2.690,100
447,52,2025-10-14,2025-10-14 14:18:24,000009.SZ,S,11.410,305
448,52,2025-10-14,2025-10-14 14:18:24,000009.SZ,S,11.410,95
449,61,2025-10-14,2025-10-14 14:18:28,002583.SZ,B,11.260,300
450,61,2025-10-14,2025-10-14 14:18:28,002583.SZ,B,11.260,300
451,52,2025-10-14,2025-10-14 14:18:27,600169.SH,S,2.690,200
452,52,2025-10-14,2025-10-14 14:16:58,000757.SZ,B,5.600,200
453,61,2025-10-14,2025-10-14 14:18:22,301526.SZ,S,6.040,100
454,59,2025-10-14,2025-10-14 14:18:15,601121.SH,B,7.120,100
455,63,2025-10-14,2025-10-14 14:18:14,600150.SH,S,35.220,100
456,61,2025-10-14,2025-10-14 14:18:11,600623.SH,S,8.950,100
457,52,2025-10-14,2025-10-14 14:17:23,600251.SH,S,9.080,100
458,59,2025-10-14,2025-10-14 14:18:05,601618.SH,S,3.940,300
459,61,2025-10-14,2025-10-14 14:18:05,601618.SH,S,3.940,900
460,58,2025-10-14,2025-10-14 14:18:02,300593.SZ,S,19.490,300
461,52,2025-10-14,2025-10-14 14:17:31,300593.SZ,S,19.490,100
462,63,2025-10-14,2025-10-14 14:17:59,002245.SZ,S,18.010,200
463,59,2025-10-14,2025-10-14 14:17:54,002662.SZ,B,3.790,100
464,58,2025-10-14,2025-10-14 14:17:49,002303.SZ,S,4.530,1200
465,52,2025-10-14,2025-10-14 14:16:58,002303.SZ,S,4.530,300
466,59,2025-10-14,2025-10-14 14:17:48,000629.SZ,B,3.080,100
467,59,2025-10-14,2025-10-14 14:17:45,603119.SH,B,88.930,100
468,63,2025-10-14,2025-10-14 14:17:44,300324.SZ,S,5.830,600
469,59,2025-10-14,2025-10-14 14:17:43,002472.SZ,B,42.230,100
470,58,2025-10-14,2025-10-14 14:17:43,603809.SH,S,14.220,100
471,58,2025-10-14,2025-10-14 14:17:42,002125.SZ,B,14.640,100
472,61,2025-10-14,2025-10-14 14:17:33,002402.SZ,S,47.910,100
473,59,2025-10-14,2025-10-14 14:17:31,002402.SZ,S,47.910,100
474,61,2025-10-14,2025-10-14 14:17:29,002272.SZ,S,15.970,100
475,59,2025-10-14,2025-10-14 14:17:28,002272.SZ,S,15.970,100
476,61,2025-10-14,2025-10-14 14:17:24,300593.SZ,S,19.490,400
477,59,2025-10-14,2025-10-14 14:17:24,300593.SZ,S,19.490,100
478,52,2025-10-14,2025-10-14 14:17:22,603456.SH,S,19.470,100
479,61,2025-10-14,2025-10-14 14:17:21,001309.SZ,S,175.720,100
480,59,2025-10-14,2025-10-14 14:17:22,002130.SZ,B,27.900,100
481,59,2025-10-14,2025-10-14 14:17:14,300354.SZ,B,45.440,100
482,59,2025-10-14,2025-10-14 14:17:09,301358.SZ,B,56.240,100
483,58,2025-10-14,2025-10-14 14:17:08,601618.SH,S,3.940,1000
484,52,2025-10-14,2025-10-14 14:16:58,601618.SH,S,3.940,200
485,59,2025-10-14,2025-10-14 14:17:04,600497.SH,B,6.940,100
486,52,2025-10-14,2025-10-14 14:17:03,002456.SZ,S,12.110,100
487,61,2025-10-14,2025-10-14 14:17:00,600284.SH,S,8.650,700
488,61,2025-10-14,2025-10-14 14:16:56,002897.SZ,B,45.030,500
489,58,2025-10-14,2025-10-14 14:16:54,002272.SZ,S,15.980,200
490,61,2025-10-14,2025-10-14 14:16:55,600256.SH,S,5.340,100
491,61,2025-10-14,2025-10-14 14:16:55,603823.SH,S,16.220,300
492,61,2025-10-14,2025-10-14 14:16:55,000725.SZ,S,4.070,100
493,59,2025-10-14,2025-10-14 14:16:53,603878.SH,B,11.700,100
494,59,2025-10-14,2025-10-14 14:16:53,600284.SH,B,8.650,100
495,59,2025-10-14,2025-10-14 14:16:53,601212.SH,B,5.690,100
496,63,2025-10-14,2025-10-14 14:16:39,601899.SH,B,29.510,200
497,63,2025-10-14,2025-10-14 14:16:39,601899.SH,B,29.510,600
498,63,2025-10-14,2025-10-14 14:16:39,601899.SH,B,29.510,600
499,63,2025-10-14,2025-10-14 14:16:38,601899.SH,B,29.510,900
500,61,2025-10-14,2025-10-14 14:13:30,000717.SZ,S,2.800,100
501,61,2025-10-14,2025-10-14 14:13:07,002323.SZ,S,1.750,100
502,58,2025-10-14,2025-10-14 14:13:00,002125.SZ,B,14.690,400
503,63,2025-10-14,2025-10-14 14:13:00,002272.SZ,S,16.000,200
504,58,2025-10-14,2025-10-14 14:12:58,001326.SZ,S,51.050,100
505,58,2025-10-14,2025-10-14 14:12:47,002390.SZ,S,3.710,100
506,61,2025-10-14,2025-10-14 14:12:36,300170.SZ,B,17.290,200
507,61,2025-10-14,2025-10-14 14:12:36,300170.SZ,B,17.290,200
508,61,2025-10-14,2025-10-14 14:12:36,300170.SZ,B,17.290,100
509,61,2025-10-14,2025-10-14 14:12:32,300170.SZ,B,17.290,200
510,61,2025-10-14,2025-10-14 14:12:32,300170.SZ,B,17.290,200
511,61,2025-10-14,2025-10-14 14:12:32,300170.SZ,B,17.290,100
512,59,2025-10-14,2025-10-14 14:12:31,000009.SZ,B,11.440,600
513,59,2025-10-14,2025-10-14 14:12:31,000009.SZ,B,11.440,200
514,52,2025-10-14,2025-10-14 14:12:29,000009.SZ,B,11.440,300
515,61,2025-10-14,2025-10-14 14:12:22,300170.SZ,B,17.280,200
516,61,2025-10-14,2025-10-14 14:11:52,002662.SZ,S,3.790,100
517,61,2025-10-14,2025-10-14 14:11:41,002390.SZ,S,3.720,100
518,61,2025-10-14,2025-10-14 14:11:38,600400.SH,S,2.890,100
519,58,2025-10-14,2025-10-14 14:11:37,300354.SZ,B,45.520,100
520,52,2025-10-14,2025-10-14 14:09:14,600905.SH,S,4.330,100
521,52,2025-10-14,2025-10-14 14:09:48,600686.SH,B,13.200,100
522,63,2025-10-14,2025-10-14 14:09:52,002456.SZ,S,12.130,180
523,63,2025-10-14,2025-10-14 14:09:52,002456.SZ,S,12.130,420
524,63,2025-10-14,2025-10-14 14:09:44,603019.SH,B,105.640,200
525,58,2025-10-14,2025-10-14 14:09:31,002323.SZ,S,1.760,100
526,52,2025-10-14,2025-10-14 14:07:16,300145.SZ,S,4.540,100
527,52,2025-10-14,2025-10-14 14:09:31,002323.SZ,S,1.760,100
528,61,2025-10-14,2025-10-14 14:09:30,600050.SH,S,5.530,100
529,52,2025-10-14,2025-10-14 14:09:01,002054.SZ,S,6.810,100
530,58,2025-10-14,2025-10-14 14:09:01,002145.SZ,B,5.820,800
531,58,2025-10-14,2025-10-14 14:08:53,603019.SH,B,105.800,100
532,58,2025-10-14,2025-10-14 14:08:49,002207.SZ,S,8.430,1000
533,61,2025-10-14,2025-10-14 14:08:49,600577.SH,B,10.760,300
534,52,2025-10-14,2025-10-14 14:08:49,002207.SZ,S,8.430,300
535,58,2025-10-14,2025-10-14 14:08:39,603556.SH,B,29.600,100
536,52,2025-10-14,2025-10-14 14:08:37,300207.SZ,B,29.960,100
537,58,2025-10-14,2025-10-14 14:08:16,002400.SZ,S,8.110,200
538,58,2025-10-14,2025-10-14 14:08:16,002400.SZ,S,8.110,400
539,61,2025-10-14,2025-10-14 14:08:14,002307.SZ,S,5.050,100
540,61,2025-10-14,2025-10-14 14:08:09,300185.SZ,S,3.140,100
541,63,2025-10-14,2025-10-14 14:08:08,002164.SZ,S,13.330,100
542,61,2025-10-14,2025-10-14 14:08:08,601618.SH,S,3.940,100
543,52,2025-10-14,2025-10-14 14:08:02,002745.SZ,S,9.190,100
544,58,2025-10-14,2025-10-14 14:07:59,300354.SZ,B,45.660,100
545,58,2025-10-14,2025-10-14 14:07:56,600066.SH,B,28.950,100
546,58,2025-10-14,2025-10-14 14:07:52,001326.SZ,S,51.210,200
547,58,2025-10-14,2025-10-14 14:07:52,001326.SZ,S,51.210,100
548,52,2025-10-14,2025-10-14 14:07:45,001326.SZ,S,51.210,100
549,52,2025-10-14,2025-10-14 14:07:02,000629.SZ,B,3.090,100
550,58,2025-10-14,2025-10-14 14:07:42,600721.SH,S,8.960,100
551,52,2025-10-14,2025-10-14 14:07:25,605060.SH,S,26.870,100
552,61,2025-10-14,2025-10-14 14:07:29,601126.SH,B,22.540,400
553,63,2025-10-14,2025-10-14 14:07:07,002121.SZ,S,9.090,600
554,61,2025-10-14,2025-10-14 14:06:56,000009.SZ,B,11.470,700
555,61,2025-10-14,2025-10-14 14:06:56,000009.SZ,B,11.470,300
556,61,2025-10-14,2025-10-14 14:06:56,000009.SZ,B,11.470,200
557,61,2025-10-14,2025-10-14 14:06:56,000009.SZ,B,11.470,400
558,61,2025-10-14,2025-10-14 14:06:56,000009.SZ,B,11.470,100
559,61,2025-10-14,2025-10-14 14:06:56,000009.SZ,B,11.470,300
560,61,2025-10-14,2025-10-14 14:06:56,000009.SZ,B,11.470,200
561,61,2025-10-14,2025-10-14 14:06:56,000009.SZ,B,11.470,200
562,59,2025-10-14,2025-10-14 14:06:56,000009.SZ,B,11.470,400
563,59,2025-10-14,2025-10-14 14:06:56,000009.SZ,B,11.470,400
564,63,2025-10-14,2025-10-14 14:06:45,603019.SH,B,106.210,300
565,61,2025-10-14,2025-10-14 14:06:30,600284.SH,B,8.760,600
566,61,2025-10-14,2025-10-14 14:06:30,600284.SH,B,8.760,100
567,61,2025-10-14,2025-10-14 14:06:28,001326.SZ,S,51.280,200
568,58,2025-10-14,2025-10-14 14:06:07,600284.SH,B,8.750,400
569,61,2025-10-14,2025-10-14 14:06:04,002272.SZ,S,16.050,300
570,61,2025-10-14,2025-10-14 14:06:01,002617.SZ,S,8.780,100
571,58,2025-10-14,2025-10-14 14:06:00,603520.SH,S,10.810,100
572,58,2025-10-14,2025-10-14 14:06:01,300541.SZ,B,17.460,100
573,58,2025-10-14,2025-10-14 14:06:01,300541.SZ,B,17.460,100
574,52,2025-10-14,2025-10-14 14:05:53,000009.SZ,B,11.480,400
575,61,2025-10-14,2025-10-14 14:05:54,300258.SZ,S,14.090,200
576,63,2025-10-14,2025-10-14 14:05:39,600875.SH,S,21.100,300
577,58,2025-10-14,2025-10-14 14:05:37,002335.SZ,B,62.930,100
578,63,2025-10-14,2025-10-14 14:05:36,600875.SH,S,21.100,200
579,52,2025-10-14,2025-10-14 14:05:32,002261.SZ,S,34.160,100
580,58,2025-10-14,2025-10-14 14:05:28,000524.SZ,S,13.330,200
581,58,2025-10-14,2025-10-14 14:05:28,000524.SZ,S,13.330,100
582,52,2025-10-14,2025-10-14 14:05:28,300885.SZ,S,23.170,100
583,63,2025-10-14,2025-10-14 14:05:24,002533.SZ,S,12.620,600
584,61,2025-10-14,2025-10-14 14:05:22,605060.SH,S,26.900,100
585,58,2025-10-14,2025-10-14 14:05:20,601208.SH,B,18.030,100
586,52,2025-10-14,2025-10-14 14:05:19,002533.SZ,S,12.620,100
587,52,2025-10-14,2025-10-14 14:05:16,601229.SH,B,9.590,100
588,58,2025-10-14,2025-10-14 14:05:08,000514.SZ,S,5.480,300
589,58,2025-10-14,2025-10-14 14:05:02,300276.SZ,B,9.640,200
590,58,2025-10-14,2025-10-14 14:05:01,002491.SZ,S,5.150,100
591,58,2025-10-14,2025-10-14 14:04:49,600337.SH,S,2.330,100
592,58,2025-10-14,2025-10-14 14:04:45,603283.SH,B,45.920,100
593,61,2025-10-14,2025-10-14 14:04:43,603588.SH,S,8.270,100
594,61,2025-10-14,2025-10-14 14:04:43,300382.SZ,S,15.040,100
595,58,2025-10-14,2025-10-14 14:04:36,000593.SZ,S,7.020,900
596,58,2025-10-14,2025-10-14 14:04:36,000593.SZ,S,7.020,200
597,63,2025-10-14,2025-10-14 14:04:36,603809.SH,S,14.300,500
598,52,2025-10-14,2025-10-14 14:04:36,000593.SZ,S,7.020,300
599,61,2025-10-14,2025-10-14 14:04:35,600162.SH,S,2.090,100
600,58,2025-10-14,2025-10-14 14:04:34,300969.SZ,B,103.980,100
601,62,2025-10-14,2025-10-14 14:04:30,600033.SH,B,3.420,400
602,61,2025-10-14,2025-10-14 14:04:29,300129.SZ,S,8.140,100
603,61,2025-10-14,2025-10-14 14:04:28,002772.SZ,S,10.550,100
604,58,2025-10-14,2025-10-14 14:04:27,603881.SH,S,33.100,100
605,58,2025-10-14,2025-10-14 14:04:28,300517.SZ,B,11.670,100
606,58,2025-10-14,2025-10-14 14:04:27,002402.SZ,S,48.080,100
607,58,2025-10-14,2025-10-14 14:04:26,603305.SH,S,15.780,100
608,58,2025-10-14,2025-10-14 14:04:25,002627.SZ,S,5.870,500
609,58,2025-10-14,2025-10-14 14:04:25,002627.SZ,S,5.870,300
610,58,2025-10-14,2025-10-14 14:04:25,002627.SZ,S,5.870,200
611,58,2025-10-14,2025-10-14 14:04:25,002627.SZ,S,5.870,400
612,61,2025-10-14,2025-10-14 14:04:21,603305.SH,S,15.780,100
613,52,2025-10-14,2025-10-14 14:04:18,000923.SZ,S,18.030,100
614,61,2025-10-14,2025-10-14 14:04:15,002420.SZ,S,8.020,100
615,59,2025-10-14,2025-10-14 14:04:15,002627.SZ,S,5.870,100
616,59,2025-10-14,2025-10-14 14:04:15,002627.SZ,S,5.870,300
617,59,2025-10-14,2025-10-14 14:04:15,002627.SZ,S,5.870,100
618,52,2025-10-14,2025-10-14 14:04:11,603119.SH,S,89.730,100
619,61,2025-10-14,2025-10-14 14:04:14,000524.SZ,S,13.330,100
620,61,2025-10-14,2025-10-14 14:04:13,000523.SZ,S,3.160,100
621,61,2025-10-14,2025-10-14 14:04:13,000524.SZ,S,13.330,200
622,61,2025-10-14,2025-10-14 14:04:06,002627.SZ,S,5.870,1300
623,52,2025-10-14,2025-10-14 14:02:09,002627.SZ,S,5.870,400
624,59,2025-10-14,2025-10-14 14:04:06,000524.SZ,S,13.330,100
625,62,2025-10-14,2025-10-14 14:04:00,601518.SH,B,2.800,1600
626,62,2025-10-14,2025-10-14 14:04:00,601857.SH,B,8.320,700
627,62,2025-10-14,2025-10-14 14:04:00,300005.SZ,B,8.620,300
628,62,2025-10-14,2025-10-14 14:03:55,601818.SH,B,3.420,1000
629,61,2025-10-14,2025-10-14 14:03:38,002547.SZ,S,5.170,100
630,62,2025-10-14,2025-10-14 14:03:33,601939.SH,B,8.860,600
631,63,2025-10-14,2025-10-14 14:03:19,603077.SH,S,2.250,3000
632,58,2025-10-14,2025-10-14 14:03:03,600159.SH,S,2.960,100
633,52,2025-10-14,2025-10-14 14:02:09,300201.SZ,S,5.580,100
634,63,2025-10-14,2025-10-14 14:02:58,603019.SH,B,106.470,200
635,61,2025-10-14,2025-10-14 14:02:58,600577.SH,B,10.800,500
636,63,2025-10-14,2025-10-14 14:02:57,603019.SH,B,106.470,100
637,63,2025-10-14,2025-10-14 14:02:50,002196.SZ,S,9.400,200
638,58,2025-10-14,2025-10-14 14:02:48,601618.SH,S,3.950,100
639,52,2025-10-14,2025-10-14 14:02:42,002484.SZ,B,28.870,100
640,58,2025-10-14,2025-10-14 14:02:41,000878.SZ,B,18.430,100
641,58,2025-10-14,2025-10-14 14:02:37,603179.SH,B,70.250,100
642,59,2025-10-14,2025-10-14 14:02:33,301058.SZ,S,11.400,100
643,61,2025-10-14,2025-10-14 14:02:30,002174.SZ,S,11.100,100
644,58,2025-10-14,2025-10-14 14:02:29,601616.SH,S,4.260,100
645,63,2025-10-14,2025-10-14 14:02:27,601233.SH,S,13.520,100
646,58,2025-10-14,2025-10-14 14:02:26,600577.SH,B,10.800,300
647,52,2025-10-14,2025-10-14 14:01:51,600497.SH,B,6.970,100
648,52,2025-10-14,2025-10-14 14:02:23,600169.SH,S,2.690,200
649,61,2025-10-14,2025-10-14 14:02:24,000700.SZ,S,9.730,100
650,58,2025-10-14,2025-10-14 14:02:22,600888.SH,S,8.450,100
651,58,2025-10-14,2025-10-14 14:02:13,300258.SZ,S,14.070,300
652,52,2025-10-14,2025-10-14 14:01:45,603527.SH,S,11.520,100
653,61,2025-10-14,2025-10-14 14:02:16,300885.SZ,S,23.160,200
654,61,2025-10-14,2025-10-14 14:02:15,603278.SH,S,10.180,100
655,63,2025-10-14,2025-10-14 14:02:16,002517.SZ,S,24.410,300
656,61,2025-10-14,2025-10-14 14:02:15,002207.SZ,S,8.370,900
657,59,2025-10-14,2025-10-14 14:02:15,002207.SZ,S,8.370,400
658,61,2025-10-14,2025-10-14 14:02:14,002987.SZ,S,21.110,200
659,52,2025-10-14,2025-10-14 14:02:14,002272.SZ,S,16.040,100
660,61,2025-10-14,2025-10-14 14:02:11,601279.SH,S,4.460,100
661,63,2025-10-14,2025-10-14 14:02:12,603626.SH,S,12.780,100
662,58,2025-10-14,2025-10-14 14:02:06,002657.SZ,S,31.650,100
663,58,2025-10-14,2025-10-14 14:02:11,002272.SZ,S,16.040,100
664,58,2025-10-14,2025-10-14 14:02:11,002272.SZ,S,16.040,200
665,58,2025-10-14,2025-10-14 14:02:10,002547.SZ,S,5.160,100
666,61,2025-10-14,2025-10-14 14:02:09,001326.SZ,S,51.190,200
667,58,2025-10-14,2025-10-14 14:02:09,601279.SH,S,4.460,100
668,58,2025-10-14,2025-10-14 14:02:09,601126.SH,B,22.600,100
669,58,2025-10-14,2025-10-14 14:02:09,601126.SH,B,22.600,100
670,59,2025-10-14,2025-10-14 14:02:09,001326.SZ,S,51.190,100
671,63,2025-10-14,2025-10-14 14:02:07,300364.SZ,S,25.480,100
672,61,2025-10-14,2025-10-14 14:02:07,600330.SH,S,10.370,100
673,59,2025-10-14,2025-10-14 14:02:06,002272.SZ,S,16.050,100
674,52,2025-10-14,2025-10-14 14:02:06,603809.SH,S,14.290,100
675,63,2025-10-14,2025-10-14 14:02:05,600673.SH,S,21.700,200
676,63,2025-10-14,2025-10-14 14:02:04,301217.SZ,S,28.300,100
677,62,2025-10-14,2025-10-14 14:02:05,601298.SH,B,8.680,200
678,61,2025-10-14,2025-10-14 14:02:04,603045.SH,S,19.830,100
679,59,2025-10-14,2025-10-14 14:02:04,300885.SZ,S,23.160,100
680,61,2025-10-14,2025-10-14 14:02:05,300170.SZ,B,17.280,500
681,61,2025-10-14,2025-10-14 14:02:05,300170.SZ,B,17.280,100
682,61,2025-10-14,2025-10-14 14:02:04,002657.SZ,S,31.670,100
683,58,2025-10-14,2025-10-14 14:02:04,600637.SH,B,9.310,100
684,61,2025-10-14,2025-10-14 14:02:02,002583.SZ,S,11.290,100
685,58,2025-10-14,2025-10-14 14:02:03,300528.SZ,B,19.490,100
686,58,2025-10-14,2025-10-14 14:02:01,002456.SZ,S,12.150,100
687,58,2025-10-14,2025-10-14 14:02:00,603901.SH,S,11.020,100
688,52,2025-10-14,2025-10-14 14:01:52,600284.SH,B,8.730,100
689,63,2025-10-14,2025-10-14 14:01:58,300593.SZ,S,19.520,100
690,61,2025-10-14,2025-10-14 14:01:58,300180.SZ,S,7.630,100
691,58,2025-10-14,2025-10-14 14:01:53,301363.SZ,B,22.590,100
692,52,2025-10-14,2025-10-14 14:01:53,600547.SH,B,42.860,100
693,58,2025-10-14,2025-10-14 14:01:51,002396.SZ,B,28.250,100
694,52,2025-10-14,2025-10-14 14:01:51,601899.SH,B,29.740,100
695,58,2025-10-14,2025-10-14 14:01:51,300773.SZ,S,24.650,200
696,52,2025-10-14,2025-10-14 14:01:37,300170.SZ,B,17.270,300
697,61,2025-10-14,2025-10-14 14:01:49,000593.SZ,S,7.020,1100
698,59,2025-10-14,2025-10-14 14:01:49,000593.SZ,S,7.020,400
699,58,2025-10-14,2025-10-14 14:01:47,603922.SH,S,22.100,100
700,63,2025-10-14,2025-10-14 14:01:45,601899.SH,S,29.780,400
701,61,2025-10-14,2025-10-14 14:01:43,600602.SH,S,19.720,300
702,61,2025-10-14,2025-10-14 14:01:34,600284.SH,B,8.750,600
703,59,2025-10-14,2025-10-14 14:01:32,603922.SH,S,22.100,100
704,61,2025-10-14,2025-10-14 14:01:31,603922.SH,S,22.100,100
705,62,2025-10-14,2025-10-14 14:01:29,001330.SZ,B,5.400,300
706,58,2025-10-14,2025-10-14 14:01:28,002307.SZ,S,5.040,100
707,52,2025-10-14,2025-10-14 14:01:27,600338.SH,S,13.670,100
708,52,2025-10-14,2025-10-14 14:01:22,002303.SZ,S,4.530,200
709,52,2025-10-14,2025-10-14 14:01:21,301526.SZ,S,6.070,100
710,63,2025-10-14,2025-10-14 14:01:19,300324.SZ,S,5.840,400
711,63,2025-10-14,2025-10-14 14:01:19,300324.SZ,S,5.840,200
712,58,2025-10-14,2025-10-14 14:01:15,600239.SH,S,2.600,100
713,58,2025-10-14,2025-10-14 14:01:16,301038.SZ,B,25.150,100
714,58,2025-10-14,2025-10-14 14:01:15,002303.SZ,S,4.530,100
715,58,2025-10-14,2025-10-14 14:01:15,002965.SZ,B,40.770,100
716,61,2025-10-14,2025-10-14 14:01:14,603823.SH,B,16.280,400
717,59,2025-10-14,2025-10-14 14:01:14,300773.SZ,S,24.630,100
718,61,2025-10-14,2025-10-14 14:01:14,600169.SH,S,2.690,100
719,61,2025-10-14,2025-10-14 14:01:13,300773.SZ,S,24.630,300
720,61,2025-10-14,2025-10-14 14:01:14,600675.SH,S,2.940,100
721,63,2025-10-14,2025-10-14 14:01:13,601818.SH,S,3.420,100
722,61,2025-10-14,2025-10-14 14:01:13,000514.SZ,S,5.470,300
723,59,2025-10-14,2025-10-14 14:01:13,000514.SZ,S,5.470,100
724,59,2025-10-14,2025-10-14 14:01:13,603878.SH,S,12.600,100
725,62,2025-10-14,2025-10-14 14:01:09,000560.SZ,B,3.010,400
726,62,2025-10-14,2025-10-14 14:00:47,601225.SH,B,21.260,200
727,62,2025-10-14,2025-10-14 14:00:10,600968.SH,B,3.960,400
728,62,2025-10-14,2025-10-14 14:00:10,600968.SH,B,3.960,300
729,62,2025-10-14,2025-10-14 13:58:58,600985.SH,B,13.100,300
730,62,2025-10-14,2025-10-14 13:58:40,601018.SH,B,3.810,1800
731,62,2025-10-14,2025-10-14 13:58:34,601065.SH,B,8.410,300
732,58,2025-10-14,2025-10-14 13:58:14,300517.SZ,S,11.700,300
733,61,2025-10-14,2025-10-14 13:58:13,301108.SZ,S,33.500,100
734,63,2025-10-14,2025-10-14 13:58:12,601818.SH,S,3.430,1600
735,61,2025-10-14,2025-10-14 13:58:09,002020.SZ,B,18.510,100
736,61,2025-10-14,2025-10-14 13:58:09,002020.SZ,B,18.500,300
737,58,2025-10-14,2025-10-14 13:58:07,300185.SZ,S,3.140,100
738,63,2025-10-14,2025-10-14 13:58:06,601818.SH,S,3.430,1600
739,58,2025-10-14,2025-10-14 13:58:04,603881.SH,B,33.120,1000
740,61,2025-10-14,2025-10-14 13:58:04,603978.SH,B,23.420,100
741,58,2025-10-14,2025-10-14 13:58:01,301108.SZ,S,33.500,300
742,58,2025-10-14,2025-10-14 13:58:00,300854.SZ,S,19.800,100
743,58,2025-10-14,2025-10-14 13:58:00,300854.SZ,S,19.800,100
744,58,2025-10-14,2025-10-14 13:58:00,300854.SZ,S,19.800,100
745,52,2025-10-14,2025-10-14 13:58:01,301108.SZ,S,33.500,100
746,63,2025-10-14,2025-10-14 13:58:00,002272.SZ,S,16.080,300
747,61,2025-10-14,2025-10-14 13:58:00,000811.SZ,B,14.310,100
748,61,2025-10-14,2025-10-14 13:58:00,000811.SZ,B,14.310,200
749,61,2025-10-14,2025-10-14 13:58:00,000811.SZ,B,14.310,400
750,61,2025-10-14,2025-10-14 13:58:00,300541.SZ,B,17.490,300
751,58,2025-10-14,2025-10-14 13:57:56,000593.SZ,S,7.020,100
752,61,2025-10-14,2025-10-14 13:57:45,000008.SZ,S,2.890,100
753,58,2025-10-14,2025-10-14 13:57:43,600169.SH,S,2.690,100
754,62,2025-10-14,2025-10-14 13:57:28,601975.SH,B,3.190,2100
755,62,2025-10-14,2025-10-14 13:57:23,600425.SH,B,4.800,900
756,58,2025-10-14,2025-10-14 13:56:59,301108.SZ,S,33.500,100
757,62,2025-10-14,2025-10-14 13:56:53,601665.SH,B,6.100,1100
758,62,2025-10-14,2025-10-14 13:56:40,601398.SH,B,7.470,400
759,62,2025-10-14,2025-10-14 13:56:40,601398.SH,B,7.470,200
760,61,2025-10-14,2025-10-14 13:56:28,300158.SZ,S,6.620,700
761,62,2025-10-14,2025-10-14 13:56:28,601860.SH,B,2.910,2400
762,62,2025-10-14,2025-10-14 13:56:27,600905.SH,B,4.340,1600
763,62,2025-10-14,2025-10-14 13:56:27,600658.SH,B,5.530,200
764,62,2025-10-14,2025-10-14 13:56:25,000927.SZ,B,2.690,2500
765,62,2025-10-14,2025-10-14 13:56:16,601326.SH,B,3.510,200
766,62,2025-10-14,2025-10-14 13:56:16,600029.SH,B,6.010,800
767,62,2025-10-14,2025-10-14 13:55:52,601857.SH,B,8.330,100
768,62,2025-10-14,2025-10-14 13:55:52,601857.SH,B,8.330,500
769,62,2025-10-14,2025-10-14 13:55:35,002027.SZ,B,7.760,900
770,62,2025-10-14,2025-10-14 13:55:27,601916.SH,B,3.070,20
771,62,2025-10-14,2025-10-14 13:55:26,601916.SH,B,3.070,300
772,58,2025-10-14,2025-10-14 13:55:22,603602.SH,S,15.130,400
773,62,2025-10-14,2025-10-14 13:55:18,600236.SH,B,7.110,700
774,62,2025-10-14,2025-10-14 13:55:14,601916.SH,B,3.070,1000
775,62,2025-10-14,2025-10-14 13:55:12,601916.SH,B,3.070,880
776,62,2025-10-14,2025-10-14 13:55:06,000401.SZ,B,5.050,100
777,62,2025-10-14,2025-10-14 13:55:04,301526.SZ,B,6.090,100
778,61,2025-10-14,2025-10-14 13:55:04,603881.SH,S,33.150,100
779,62,2025-10-14,2025-10-14 13:55:02,600983.SH,B,10.430,200
780,62,2025-10-14,2025-10-14 13:55:01,600019.SH,B,7.250,600
781,61,2025-10-14,2025-10-14 13:55:00,600675.SH,B,2.950,100
782,62,2025-10-14,2025-10-14 13:55:00,600675.SH,B,2.950,2300
783,61,2025-10-14,2025-10-14 13:54:52,002850.SZ,B,163.260,100
784,62,2025-10-14,2025-10-14 13:54:43,601288.SH,B,7.090,1800
785,58,2025-10-14,2025-10-14 13:54:41,300885.SZ,S,23.100,200
786,61,2025-10-14,2025-10-14 13:54:36,603588.SH,B,8.240,100
787,61,2025-10-14,2025-10-14 13:54:27,002335.SZ,S,63.100,400
788,59,2025-10-14,2025-10-14 13:54:27,603602.SH,S,15.120,200
789,63,2025-10-14,2025-10-14 13:54:27,603809.SH,S,14.390,900
790,61,2025-10-14,2025-10-14 13:54:25,603602.SH,S,15.120,400
791,63,2025-10-14,2025-10-14 13:54:24,002456.SZ,S,12.180,300
792,61,2025-10-14,2025-10-14 13:54:21,000717.SZ,B,2.820,100
793,52,2025-10-14,2025-10-14 13:54:10,002506.SZ,S,2.560,100
794,63,2025-10-14,2025-10-14 13:54:16,603809.SH,S,14.400,300
795,62,2025-10-14,2025-10-14 13:54:16,601101.SH,B,7.620,500
796,62,2025-10-14,2025-10-14 13:54:10,000523.SZ,B,3.160,100
797,63,2025-10-14,2025-10-14 13:54:09,002213.SZ,S,20.460,200
798,62,2025-10-14,2025-10-14 13:54:10,000523.SZ,B,3.160,400
799,52,2025-10-14,2025-10-14 13:50:35,600119.SH,S,8.230,100
800,61,2025-10-14,2025-10-14 13:54:01,300854.SZ,S,19.860,300
801,59,2025-10-14,2025-10-14 13:54:01,300854.SZ,S,19.860,100
802,62,2025-10-14,2025-10-14 13:53:59,600406.SH,B,23.420,300
803,59,2025-10-14,2025-10-14 13:53:53,603602.SH,S,15.140,100
804,62,2025-10-14,2025-10-14 13:53:49,600300.SH,B,3.410,200
805,63,2025-10-14,2025-10-14 13:53:46,600160.SH,B,36.910,100
806,61,2025-10-14,2025-10-14 13:53:44,002400.SZ,B,8.160,700
807,61,2025-10-14,2025-10-14 13:53:44,300885.SZ,S,23.170,200
808,63,2025-10-14,2025-10-14 13:53:44,300885.SZ,S,23.170,100
809,58,2025-10-14,2025-10-14 13:53:41,600602.SH,B,19.780,500
810,61,2025-10-14,2025-10-14 13:53:40,301526.SZ,B,6.100,100
811,52,2025-10-14,2025-10-14 13:49:42,601121.SH,S,7.180,300
812,62,2025-10-14,2025-10-14 13:53:28,002506.SZ,B,2.560,200
813,62,2025-10-14,2025-10-14 13:53:28,002506.SZ,B,2.560,100
814,62,2025-10-14,2025-10-14 13:53:28,002506.SZ,B,2.560,700
815,62,2025-10-14,2025-10-14 13:53:28,002506.SZ,B,2.560,400
816,59,2025-10-14,2025-10-14 13:53:16,688148.SH,S,6.250,489
817,61,2025-10-14,2025-10-14 13:53:10,300969.SZ,B,104.550,100
818,62,2025-10-14,2025-10-14 13:53:10,000523.SZ,B,3.160,600
819,62,2025-10-14,2025-10-14 13:53:09,600928.SH,B,4.020,800
820,61,2025-10-14,2025-10-14 13:53:09,600602.SH,B,19.770,600
821,62,2025-10-14,2025-10-14 13:53:09,601997.SH,B,5.950,800
822,61,2025-10-14,2025-10-14 13:53:09,600602.SH,B,19.770,100
823,61,2025-10-14,2025-10-14 13:53:04,600602.SH,B,19.770,200
824,61,2025-10-14,2025-10-14 13:53:04,301108.SZ,S,33.580,400
825,62,2025-10-14,2025-10-14 13:53:03,600938.SH,B,26.570,300
826,61,2025-10-14,2025-10-14 13:53:02,688148.SH,S,6.250,973
827,61,2025-10-14,2025-10-14 13:53:01,603881.SH,S,33.180,100
828,61,2025-10-14,2025-10-14 13:52:58,688148.SH,S,6.250,271
829,59,2025-10-14,2025-10-14 13:52:56,301108.SZ,S,33.580,200
830,62,2025-10-14,2025-10-14 13:52:53,601988.SH,B,5.270,1900
831,61,2025-10-14,2025-10-14 13:52:52,300517.SZ,S,11.730,400
832,61,2025-10-14,2025-10-14 13:52:52,300517.SZ,S,11.730,200
833,61,2025-10-14,2025-10-14 13:52:52,300517.SZ,S,11.730,200
834,61,2025-10-14,2025-10-14 13:52:52,300517.SZ,S,11.730,100
835,59,2025-10-14,2025-10-14 13:52:52,300517.SZ,S,11.730,200
836,59,2025-10-14,2025-10-14 13:52:52,300517.SZ,S,11.730,100
837,62,2025-10-14,2025-10-14 13:52:49,600019.SH,B,7.250,1000
838,62,2025-10-14,2025-10-14 13:52:33,601816.SH,B,5.130,1100
839,61,2025-10-14,2025-10-14 13:52:31,600239.SH,S,2.610,100
840,62,2025-10-14,2025-10-14 13:52:29,600795.SH,B,5.170,1300
841,62,2025-10-14,2025-10-14 13:52:28,601228.SH,B,3.410,1300
842,62,2025-10-14,2025-10-14 13:52:26,600338.SH,B,13.700,500
843,61,2025-10-14,2025-10-14 13:52:21,002583.SZ,B,11.330,300
844,61,2025-10-14,2025-10-14 13:52:21,600338.SH,B,13.700,100
845,61,2025-10-14,2025-10-14 13:52:18,002212.SZ,B,9.710,100
846,62,2025-10-14,2025-10-14 13:52:13,601179.SH,B,7.060,300
847,58,2025-10-14,2025-10-14 13:52:11,002212.SZ,B,9.710,300
848,58,2025-10-14,2025-10-14 13:52:11,002212.SZ,B,9.710,100
849,62,2025-10-14,2025-10-14 13:52:10,601515.SH,B,4.850,500
850,58,2025-10-14,2025-10-14 13:52:07,000514.SZ,S,5.480,800
851,58,2025-10-14,2025-10-14 13:52:07,000514.SZ,S,5.480,200
852,52,2025-10-14,2025-10-14 13:51:27,000514.SZ,S,5.480,400
853,58,2025-10-14,2025-10-14 13:52:07,000514.SZ,S,5.480,200
854,62,2025-10-14,2025-10-14 13:52:06,300747.SZ,B,25.830,100
855,62,2025-10-14,2025-10-14 13:52:04,601998.SH,B,7.480,400
856,62,2025-10-14,2025-10-14 13:52:03,601918.SH,B,6.680,1000
857,52,2025-10-14,2025-10-14 13:51:37,002745.SZ,S,9.220,100
858,61,2025-10-14,2025-10-14 13:52:00,300258.SZ,B,14.100,300
859,63,2025-10-14,2025-10-14 13:51:49,600183.SH,B,55.930,100
860,52,2025-10-14,2025-10-14 13:51:29,300517.SZ,S,11.720,200
861,61,2025-10-14,2025-10-14 13:51:43,603823.SH,B,16.310,100
862,58,2025-10-14,2025-10-14 13:51:42,000811.SZ,B,14.290,400
863,52,2025-10-14,2025-10-14 13:51:41,000811.SZ,B,14.290,200
864,61,2025-10-14,2025-10-14 13:51:40,000932.SZ,B,6.340,100
865,58,2025-10-14,2025-10-14 13:51:37,300517.SZ,S,11.720,600
866,61,2025-10-14,2025-10-14 13:51:30,603929.SH,B,40.020,100
867,63,2025-10-14,2025-10-14 13:51:24,002158.SZ,S,24.840,200
868,61,2025-10-14,2025-10-14 13:51:17,601208.SH,B,18.050,100
869,62,2025-10-14,2025-10-14 13:51:13,601083.SH,B,11.790,100
870,62,2025-10-14,2025-10-14 13:51:13,601083.SH,B,11.790,100
871,62,2025-10-14,2025-10-14 13:51:13,601083.SH,B,11.790,100
872,61,2025-10-14,2025-10-14 13:51:10,300528.SZ,B,19.540,100
873,58,2025-10-14,2025-10-14 13:51:07,301108.SZ,S,33.510,100
874,62,2025-10-14,2025-10-14 13:51:05,601818.SH,B,3.430,2200
875,61,2025-10-14,2025-10-14 13:51:03,603881.SH,S,33.140,100
876,62,2025-10-14,2025-10-14 13:51:00,600917.SH,B,6.000,300
877,61,2025-10-14,2025-10-14 13:50:55,603602.SH,S,15.130,600
878,61,2025-10-14,2025-10-14 13:50:54,001337.SZ,B,30.330,100
879,61,2025-10-14,2025-10-14 13:50:54,000753.SZ,B,7.800,100
880,61,2025-10-14,2025-10-14 13:50:53,000514.SZ,S,5.490,1100
881,59,2025-10-14,2025-10-14 13:50:53,000514.SZ,S,5.490,400
882,58,2025-10-14,2025-10-14 13:50:44,002400.SZ,B,8.150,1000
883,52,2025-10-14,2025-10-14 13:50:29,603602.SH,S,15.130,300
884,62,2025-10-14,2025-10-14 13:50:28,600025.SH,B,9.830,600
885,63,2025-10-14,2025-10-14 13:50:27,603222.SH,S,10.180,100
886,62,2025-10-14,2025-10-14 13:50:26,600688.SH,B,2.760,1700
887,62,2025-10-14,2025-10-14 13:50:26,600688.SH,B,2.760,800
888,62,2025-10-14,2025-10-14 13:50:21,601939.SH,B,8.870,900
889,52,2025-10-14,2025-10-14 13:50:19,300182.SZ,S,6.020,100
890,63,2025-10-14,2025-10-14 13:50:18,300593.SZ,S,19.580,300
891,58,2025-10-14,2025-10-14 13:50:15,301108.SZ,S,33.590,100
892,52,2025-10-14,2025-10-14 13:50:15,301108.SZ,S,33.590,100
893,61,2025-10-14,2025-10-14 13:50:13,301038.SZ,B,25.170,100
894,58,2025-10-14,2025-10-14 13:50:13,603602.SH,S,15.140,100
895,58,2025-10-14,2025-10-14 13:50:12,603602.SH,S,15.140,500
896,61,2025-10-14,2025-10-14 13:50:09,000009.SZ,S,11.500,100
897,62,2025-10-14,2025-10-14 13:50:08,600790.SH,B,4.020,100
898,63,2025-10-14,2025-10-14 13:50:07,300153.SZ,S,34.490,100
899,61,2025-10-14,2025-10-14 13:50:04,300289.SZ,S,7.510,100
900,62,2025-10-14,2025-10-14 13:50:04,600219.SH,B,4.130,1600
901,61,2025-10-14,2025-10-14 13:49:49,603809.SH,S,14.400,100
902,63,2025-10-14,2025-10-14 13:49:49,603809.SH,S,14.400,300
903,63,2025-10-14,2025-10-14 13:49:48,002213.SZ,S,20.430,100
904,63,2025-10-14,2025-10-14 13:49:48,002213.SZ,S,20.430,100
905,63,2025-10-14,2025-10-14 13:49:48,002213.SZ,S,20.430,100
906,62,2025-10-14,2025-10-14 13:49:46,600163.SH,B,5.160,150
907,62,2025-10-14,2025-10-14 13:49:46,600163.SH,B,5.160,500
908,62,2025-10-14,2025-10-14 13:49:46,600163.SH,B,5.160,50
909,62,2025-10-14,2025-10-14 13:49:42,600251.SH,B,9.090,600
910,58,2025-10-14,2025-10-14 13:49:41,300158.SZ,S,6.630,100
911,58,2025-10-14,2025-10-14 13:49:41,300158.SZ,S,6.630,100
912,62,2025-10-14,2025-10-14 13:49:40,601222.SH,B,6.120,300
913,52,2025-10-14,2025-10-14 13:49:25,603119.SH,B,89.960,200
914,62,2025-10-14,2025-10-14 13:49:25,600189.SH,B,7.170,500
915,62,2025-10-14,2025-10-14 13:49:22,000990.SZ,B,7.400,600
916,62,2025-10-14,2025-10-14 13:49:20,300158.SZ,B,6.640,400
917,62,2025-10-14,2025-10-14 13:49:20,300158.SZ,B,6.640,100
918,62,2025-10-14,2025-10-14 13:49:20,300158.SZ,B,6.640,100
919,52,2025-10-14,2025-10-14 13:49:19,600602.SH,B,19.770,400
920,61,2025-10-14,2025-10-14 13:49:19,300180.SZ,B,7.650,100
921,62,2025-10-14,2025-10-14 13:49:19,000008.SZ,B,2.890,2300
922,58,2025-10-14,2025-10-14 13:49:19,600602.SH,B,19.770,500
923,58,2025-10-14,2025-10-14 13:49:17,688148.SH,S,6.240,1380
924,62,2025-10-14,2025-10-14 13:49:15,301058.SZ,B,11.390,400
925,58,2025-10-14,2025-10-14 13:49:15,002583.SZ,B,11.320,400
926,62,2025-10-14,2025-10-14 13:49:15,600395.SH,B,5.630,300
927,62,2025-10-14,2025-10-14 13:49:14,002361.SZ,B,6.570,700
928,61,2025-10-14,2025-10-14 13:49:13,603045.SH,S,19.860,200
929,58,2025-10-14,2025-10-14 13:49:13,603045.SH,S,19.860,300
930,52,2025-10-14,2025-10-14 13:47:52,603045.SH,S,19.860,100
931,62,2025-10-14,2025-10-14 13:49:05,600864.SH,B,7.490,300
932,61,2025-10-14,2025-10-14 13:48:57,002654.SZ,B,14.590,300
933,62,2025-10-14,2025-10-14 13:48:45,600846.SH,B,14.700,300
934,63,2025-10-14,2025-10-14 13:48:38,600547.SH,B,42.910,200
935,61,2025-10-14,2025-10-14 13:48:38,002043.SZ,S,12.060,100
936,61,2025-10-14,2025-10-14 13:48:30,002020.SZ,B,18.460,200
937,61,2025-10-14,2025-10-14 13:48:30,002020.SZ,B,18.460,100
938,61,2025-10-14,2025-10-14 13:48:30,002020.SZ,B,18.460,100
939,61,2025-10-14,2025-10-14 13:48:30,002020.SZ,B,18.460,100
940,58,2025-10-14,2025-10-14 13:48:28,002654.SZ,B,14.600,400
941,58,2025-10-14,2025-10-14 13:48:27,300258.SZ,B,14.100,400
942,62,2025-10-14,2025-10-14 13:48:25,600331.SH,B,10.240,200
943,62,2025-10-14,2025-10-14 13:48:24,600724.SH,B,5.330,1300
944,62,2025-10-14,2025-10-14 13:48:24,000975.SZ,B,24.390,100
945,52,2025-10-14,2025-10-14 13:48:24,002020.SZ,B,18.420,200
946,61,2025-10-14,2025-10-14 13:48:20,300642.SZ,B,23.760,100
947,61,2025-10-14,2025-10-14 13:48:19,300182.SZ,S,6.020,100
948,61,2025-10-14,2025-10-14 13:48:18,002272.SZ,S,16.090,100
949,59,2025-10-14,2025-10-14 13:48:10,603045.SH,S,19.850,100
950,61,2025-10-14,2025-10-14 13:48:09,300382.SZ,B,15.040,100
951,61,2025-10-14,2025-10-14 13:48:08,300158.SZ,S,6.620,1100
952,61,2025-10-14,2025-10-14 13:48:01,000593.SZ,S,7.020,100
953,58,2025-10-14,2025-10-14 13:47:57,002987.SZ,S,21.130,200
954,52,2025-10-14,2025-10-14 13:47:57,002987.SZ,S,21.130,100
955,61,2025-10-14,2025-10-14 13:47:55,603119.SH,B,89.940,100
956,58,2025-10-14,2025-10-14 13:47:52,605133.SH,S,38.790,100
957,61,2025-10-14,2025-10-14 13:47:53,002987.SZ,S,21.140,200
958,61,2025-10-14,2025-10-14 13:47:53,603881.SH,S,33.200,100
959,59,2025-10-14,2025-10-14 13:47:52,002987.SZ,S,21.140,100
960,62,2025-10-14,2025-10-14 13:47:51,601825.SH,B,8.530,700
961,61,2025-10-14,2025-10-14 13:47:50,605133.SH,S,38.790,100
962,63,2025-10-14,2025-10-14 13:47:49,000878.SZ,S,18.600,1400
963,61,2025-10-14,2025-10-14 13:47:49,000878.SZ,S,18.600,100
964,58,2025-10-14,2025-10-14 13:47:48,000878.SZ,S,18.590,100
965,61,2025-10-14,2025-10-14 13:47:45,603505.SH,B,18.740,100
966,52,2025-10-14,2025-10-14 13:47:45,603903.SH,S,14.640,100
967,52,2025-10-14,2025-10-14 13:47:45,002158.SZ,S,24.940,100
968,61,2025-10-14,2025-10-14 13:47:42,603881.SH,S,33.200,100
969,63,2025-10-14,2025-10-14 13:47:42,000933.SZ,S,21.510,200
970,62,2025-10-14,2025-10-14 13:47:41,002948.SZ,B,4.880,600
971,62,2025-10-14,2025-10-14 13:47:39,600583.SH,B,5.400,100
972,62,2025-10-14,2025-10-14 13:47:39,600583.SH,B,5.400,200
973,62,2025-10-14,2025-10-14 13:47:32,601101.SH,B,7.610,700
974,62,2025-10-14,2025-10-14 13:47:27,601225.SH,B,21.260,300
975,62,2025-10-14,2025-10-14 13:47:27,601101.SH,B,7.610,100
976,52,2025-10-14,2025-10-14 13:47:24,002261.SZ,B,34.230,200
977,62,2025-10-14,2025-10-14 13:47:23,600256.SH,B,5.330,300
978,62,2025-10-14,2025-10-14 13:47:22,603992.SH,B,28.820,200
979,62,2025-10-14,2025-10-14 13:47:22,603806.SH,B,15.750,100
980,62,2025-10-14,2025-10-14 13:47:22,600256.SH,B,5.330,200
981,52,2025-10-14,2025-10-14 13:46:19,688148.SH,S,6.230,410
982,62,2025-10-14,2025-10-14 13:47:19,600256.SH,B,5.330,100
983,62,2025-10-14,2025-10-14 13:47:19,300304.SZ,B,12.080,300
984,62,2025-10-14,2025-10-14 13:47:19,003816.SZ,B,3.920,1800
985,62,2025-10-14,2025-10-14 13:47:18,600256.SH,B,5.330,1000
986,62,2025-10-14,2025-10-14 13:47:17,600256.SH,B,5.330,100
987,62,2025-10-14,2025-10-14 13:47:16,600758.SH,B,4.070,1600
988,52,2025-10-14,2025-10-14 13:47:14,600604.SH,S,6.290,100
989,62,2025-10-14,2025-10-14 13:47:15,600256.SH,B,5.330,400
990,62,2025-10-14,2025-10-14 13:47:14,002989.SZ,B,29.140,100
991,62,2025-10-14,2025-10-14 13:47:14,300199.SZ,B,20.470,200
992,62,2025-10-14,2025-10-14 13:47:09,002384.SZ,B,61.670,100
993,62,2025-10-14,2025-10-14 13:47:09,002545.SZ,B,14.040,300
994,62,2025-10-14,2025-10-14 13:47:04,601398.SH,B,7.460,1100
995,62,2025-10-14,2025-10-14 13:47:05,600497.SH,B,7.020,1000
996,61,2025-10-14,2025-10-14 13:47:01,300302.SZ,B,20.470,100
997,58,2025-10-14,2025-10-14 13:47:02,002272.SZ,S,16.090,100
998,52,2025-10-14,2025-10-14 13:46:19,002272.SZ,S,16.090,100
999,62,2025-10-14,2025-10-14 13:46:54,003019.SZ,B,34.100,200
1000,62,2025-10-14,2025-10-14 13:46:50,000088.SZ,B,4.500,1000
1001,62,2025-10-14,2025-10-14 13:46:49,300192.SZ,B,17.580,100
1002,61,2025-10-14,2025-10-14 13:46:48,300072.SZ,B,3.760,100
1003,62,2025-10-14,2025-10-14 13:46:47,000552.SZ,B,2.600,2600
1004,61,2025-10-14,2025-10-14 13:46:46,600623.SH,B,8.990,100
1005,63,2025-10-14,2025-10-14 13:46:42,600183.SH,B,55.910,300
1006,61,2025-10-14,2025-10-14 13:46:34,002115.SZ,B,11.630,100
1007,61,2025-10-14,2025-10-14 13:46:34,300354.SZ,B,45.760,100
1008,63,2025-10-14,2025-10-14 13:46:33,600585.SH,S,23.850,300
1009,61,2025-10-14,2025-10-14 13:46:31,600459.SH,B,17.720,100
1010,52,2025-10-14,2025-10-14 13:46:27,600338.SH,B,13.690,200
1011,61,2025-10-14,2025-10-14 13:46:23,000700.SZ,B,9.740,100
1012,63,2025-10-14,2025-10-14 13:46:23,600160.SH,B,36.890,200
1013,52,2025-10-14,2025-10-14 13:46:22,601728.SH,S,6.830,100
1014,63,2025-10-14,2025-10-14 13:46:21,600160.SH,B,36.890,100
1015,52,2025-10-14,2025-10-14 13:46:19,000617.SZ,S,12.050,100
1016,63,2025-10-14,2025-10-14 13:46:17,601899.SH,B,30.020,1200
1017,61,2025-10-14,2025-10-14 13:46:18,000975.SZ,B,24.390,100
1018,61,2025-10-14,2025-10-14 13:46:17,300363.SZ,B,23.560,100
1019,63,2025-10-14,2025-10-14 13:46:16,600547.SH,B,43.030,200
1020,59,2025-10-14,2025-10-14 13:43:30,600935.SH,S,2.470,100
1021,63,2025-10-14,2025-10-14 13:43:16,601818.SH,B,3.430,1400
1022,61,2025-10-14,2025-10-14 13:43:07,600620.SH,S,6.160,100
1023,52,2025-10-14,2025-10-14 13:43:06,601162.SH,B,5.260,700
1024,63,2025-10-14,2025-10-14 13:42:58,601169.SH,B,5.660,300
1025,63,2025-10-14,2025-10-14 13:42:58,601169.SH,B,5.660,100
1026,63,2025-10-14,2025-10-14 13:42:58,601169.SH,B,5.660,1000
1027,63,2025-10-14,2025-10-14 13:42:58,601169.SH,B,5.660,200
1028,63,2025-10-14,2025-10-14 13:42:58,000651.SZ,B,40.700,300
1029,59,2025-10-14,2025-10-14 13:42:44,600239.SH,S,2.610,100
1030,61,2025-10-14,2025-10-14 13:41:30,300158.SZ,B,6.620,500
1031,63,2025-10-14,2025-10-14 13:41:29,600585.SH,B,23.840,200
1032,52,2025-10-14,2025-10-14 13:41:23,601728.SH,B,6.830,100
1033,61,2025-10-14,2025-10-14 13:41:04,000882.SZ,S,2.010,100
1034,59,2025-10-14,2025-10-14 13:41:02,601121.SH,S,7.190,100
1035,58,2025-10-14,2025-10-14 13:40:55,002515.SZ,S,7.220,100
1036,52,2025-10-14,2025-10-14 13:39:35,601618.SH,S,3.990,100
1037,61,2025-10-14,2025-10-14 13:40:11,300541.SZ,B,17.570,200
1038,61,2025-10-14,2025-10-14 13:39:57,603881.SH,B,33.230,100
1039,59,2025-10-14,2025-10-14 13:39:56,600256.SH,S,5.330,100
1040,61,2025-10-14,2025-10-14 13:39:48,603881.SH,B,33.230,200
1041,61,2025-10-14,2025-10-14 13:39:26,002335.SZ,B,63.490,100
1042,61,2025-10-14,2025-10-14 13:39:26,002335.SZ,B,63.490,500
1043,61,2025-10-14,2025-10-14 13:39:09,600728.SH,S,6.730,100
1044,58,2025-10-14,2025-10-14 13:39:07,600370.SH,S,2.090,100
1045,61,2025-10-14,2025-10-14 13:38:45,000048.SZ,S,16.850,100
1046,61,2025-10-14,2025-10-14 13:38:43,601598.SH,S,6.260,100
1047,58,2025-10-14,2025-10-14 13:38:38,002743.SZ,S,5.500,100
1048,59,2025-10-14,2025-10-14 13:38:29,603520.SH,S,10.840,100
1049,58,2025-10-14,2025-10-14 13:38:27,002145.SZ,B,5.870,900
1050,58,2025-10-14,2025-10-14 13:38:27,002145.SZ,B,5.870,100
1051,58,2025-10-14,2025-10-14 13:38:27,002145.SZ,B,5.870,1400
1052,58,2025-10-14,2025-10-14 13:38:27,002145.SZ,B,5.870,900
1053,59,2025-10-14,2025-10-14 13:38:22,002456.SZ,S,12.180,100
1054,61,2025-10-14,2025-10-14 13:38:16,002303.SZ,S,4.530,100
1055,63,2025-10-14,2025-10-14 13:37:53,000651.SZ,B,40.730,400
1056,61,2025-10-14,2025-10-14 13:37:51,603881.SH,B,33.280,100
1057,61,2025-10-14,2025-10-14 13:37:42,603881.SH,B,33.270,100
1058,61,2025-10-14,2025-10-14 13:37:40,603881.SH,B,33.270,100
1059,63,2025-10-14,2025-10-14 13:37:36,002213.SZ,S,20.450,300
1060,59,2025-10-14,2025-10-14 13:37:32,688373.SH,S,8.030,200
1061,58,2025-10-14,2025-10-14 13:37:26,600162.SH,S,2.110,100
1062,52,2025-10-14,2025-10-14 13:31:51,000100.SZ,B,4.250,100
1063,61,2025-10-14,2025-10-14 13:37:12,300158.SZ,B,6.630,800
1064,61,2025-10-14,2025-10-14 13:37:07,301108.SZ,S,33.600,100
1065,59,2025-10-14,2025-10-14 13:37:07,600676.SH,S,6.300,100
1066,61,2025-10-14,2025-10-14 13:36:57,603266.SH,S,23.460,100
1067,59,2025-10-14,2025-10-14 13:36:32,688186.SH,S,28.340,200
1068,61,2025-10-14,2025-10-14 13:36:24,002269.SZ,S,2.350,100
1069,61,2025-10-14,2025-10-14 13:36:23,603881.SH,B,33.320,200
1070,61,2025-10-14,2025-10-14 13:36:20,300541.SZ,B,17.580,200
1071,61,2025-10-14,2025-10-14 13:36:19,603881.SH,B,33.310,100
1072,58,2025-10-14,2025-10-14 13:36:16,000811.SZ,B,14.250,400
1073,61,2025-10-14,2025-10-14 13:36:17,000061.SZ,S,8.520,100
1074,52,2025-10-14,2025-10-14 13:36:16,000811.SZ,B,14.250,100
1075,61,2025-10-14,2025-10-14 13:36:16,002616.SZ,S,6.520,100
1076,59,2025-10-14,2025-10-14 13:36:04,300185.SZ,S,3.160,100
1077,61,2025-10-14,2025-10-14 13:36:03,600337.SH,S,2.330,100
1078,58,2025-10-14,2025-10-14 13:35:58,002130.SZ,B,28.260,400
1079,52,2025-10-14,2025-10-14 13:35:58,002130.SZ,B,28.260,100
1080,63,2025-10-14,2025-10-14 13:35:46,002272.SZ,S,16.120,200
1081,52,2025-10-14,2025-10-14 13:35:43,002745.SZ,S,9.260,100
1082,61,2025-10-14,2025-10-14 13:35:34,002870.SZ,S,35.470,100
1083,61,2025-10-14,2025-10-14 13:35:30,002426.SZ,S,3.310,100
1084,61,2025-10-14,2025-10-14 13:35:24,000813.SZ,S,4.100,100
1085,59,2025-10-14,2025-10-14 13:35:20,000629.SZ,S,3.120,100
1086,58,2025-10-14,2025-10-14 13:35:15,000009.SZ,S,11.560,100
1087,59,2025-10-14,2025-10-14 13:35:14,002420.SZ,S,8.050,100
1088,58,2025-10-14,2025-10-14 13:35:13,002657.SZ,S,31.970,100
1089,61,2025-10-14,2025-10-14 13:34:33,603881.SH,B,33.380,100
1090,58,2025-10-14,2025-10-14 13:34:33,000629.SZ,S,3.120,100
1091,52,2025-10-14,2025-10-14 13:33:09,000629.SZ,S,3.120,500
1092,59,2025-10-14,2025-10-14 13:34:10,600330.SH,S,10.430,100
1093,52,2025-10-14,2025-10-14 13:34:10,601121.SH,S,7.210,100
1094,58,2025-10-14,2025-10-14 13:34:00,000826.SZ,S,2.310,100
1095,59,2025-10-14,2025-10-14 13:33:59,600733.SH,S,7.760,100
1096,61,2025-10-14,2025-10-14 13:33:54,300201.SZ,S,5.600,100
1097,58,2025-10-14,2025-10-14 13:33:51,000757.SZ,S,5.630,100
1098,52,2025-10-14,2025-10-14 13:33:48,603456.SH,B,19.650,100
1099,59,2025-10-14,2025-10-14 13:33:40,002238.SZ,S,8.470,100
1100,61,2025-10-14,2025-10-14 13:33:38,603283.SH,S,46.100,100
1101,63,2025-10-14,2025-10-14 13:33:31,002213.SZ,S,20.540,400
1102,58,2025-10-14,2025-10-14 13:33:31,300541.SZ,B,17.600,500
1103,52,2025-10-14,2025-10-14 13:33:20,300541.SZ,B,17.600,100
1104,58,2025-10-14,2025-10-14 13:33:28,300158.SZ,B,6.650,800
1105,52,2025-10-14,2025-10-14 13:32:46,300158.SZ,B,6.650,100
1106,59,2025-10-14,2025-10-14 13:33:27,002772.SZ,S,10.610,100
1107,59,2025-10-14,2025-10-14 13:33:27,002662.SZ,S,3.820,100
1108,52,2025-10-14,2025-10-14 13:33:11,002506.SZ,B,2.560,100
1109,58,2025-10-14,2025-10-14 13:33:23,601992.SH,B,1.830,3600
1110,59,2025-10-14,2025-10-14 13:33:19,002334.SZ,S,9.640,100
1111,58,2025-10-14,2025-10-14 13:33:14,002638.SZ,S,2.700,100
1112,63,2025-10-14,2025-10-14 13:33:07,600585.SH,B,23.900,300
1113,52,2025-10-14,2025-10-14 13:32:51,000757.SZ,S,5.630,100
1114,59,2025-10-14,2025-10-14 13:32:50,300129.SZ,S,8.180,100
1115,52,2025-10-14,2025-10-14 13:32:39,600418.SH,S,50.470,100
1116,52,2025-10-14,2025-10-14 13:32:39,000878.SZ,S,18.860,500
1117,61,2025-10-14,2025-10-14 13:32:43,600638.SH,S,6.090,100
1118,61,2025-10-14,2025-10-14 13:32:42,600626.SH,S,4.610,100
1119,61,2025-10-14,2025-10-14 13:32:42,002552.SZ,S,17.280,100
1120,61,2025-10-14,2025-10-14 13:32:42,000878.SZ,S,18.860,1500
1121,59,2025-10-14,2025-10-14 13:32:42,000878.SZ,S,18.860,200
1122,59,2025-10-14,2025-10-14 13:32:42,000878.SZ,S,18.860,400
1123,58,2025-10-14,2025-10-14 13:32:39,000878.SZ,S,18.860,300
1124,58,2025-10-14,2025-10-14 13:32:39,000878.SZ,S,18.860,1300
1125,63,2025-10-14,2025-10-14 13:32:30,300153.SZ,S,34.830,100
1126,61,2025-10-14,2025-10-14 13:32:26,300464.SZ,S,8.290,100
1127,58,2025-10-14,2025-10-14 13:32:18,300357.SZ,S,30.210,200
1128,61,2025-10-14,2025-10-14 13:32:19,600284.SH,S,8.910,100
1129,61,2025-10-14,2025-10-14 13:32:19,603283.SH,S,46.170,100
1130,52,2025-10-14,2025-10-14 13:32:02,600169.SH,S,2.710,100
1131,58,2025-10-14,2025-10-14 13:32:12,600676.SH,S,6.330,100
1132,61,2025-10-14,2025-10-14 13:32:10,000700.SZ,S,9.870,100
1133,52,2025-10-14,2025-10-14 13:32:05,300201.SZ,S,5.600,100
1134,58,2025-10-14,2025-10-14 13:32:03,002354.SZ,S,6.770,100
1135,58,2025-10-14,2025-10-14 13:32:03,300324.SZ,S,5.940,100
1136,61,2025-10-14,2025-10-14 13:32:00,600133.SH,S,10.120,100
1137,59,2025-10-14,2025-10-14 13:31:58,300507.SZ,S,10.100,100
1138,59,2025-10-14,2025-10-14 13:31:57,002468.SZ,S,17.690,100
1139,59,2025-10-14,2025-10-14 13:31:56,003019.SZ,S,34.490,100
1140,59,2025-10-14,2025-10-14 13:31:48,002068.SZ,S,10.200,100
1141,61,2025-10-14,2025-10-14 13:31:47,002011.SZ,S,13.690,100
1142,61,2025-10-14,2025-10-14 13:31:46,002394.SZ,S,11.800,100
1143,61,2025-10-14,2025-10-14 13:31:44,603633.SH,S,10.770,100
1144,58,2025-10-14,2025-10-14 13:31:42,002276.SZ,S,18.450,100
1145,61,2025-10-14,2025-10-14 13:31:43,002036.SZ,S,10.380,100
1146,52,2025-10-14,2025-10-14 13:31:19,300145.SZ,B,4.590,100
1147,63,2025-10-14,2025-10-14 13:31:42,600150.SH,S,35.580,100
1148,58,2025-10-14,2025-10-14 13:31:41,300593.SZ,S,19.770,100
1149,61,2025-10-14,2025-10-14 13:31:41,002045.SZ,S,17.010,100
1150,61,2025-10-14,2025-10-14 13:31:41,002378.SZ,S,12.790,100
1151,59,2025-10-14,2025-10-14 13:31:41,002378.SZ,S,12.790,100
1152,59,2025-10-14,2025-10-14 13:31:40,002276.SZ,S,18.450,100
1153,61,2025-10-14,2025-10-14 13:31:39,003038.SZ,S,16.710,100
1154,58,2025-10-14,2025-10-14 13:31:38,603876.SH,S,11.190,100
1155,58,2025-10-14,2025-10-14 13:31:37,002068.SZ,S,10.190,100
1156,61,2025-10-14,2025-10-14 13:31:37,300565.SZ,S,11.610,100
1157,58,2025-10-14,2025-10-14 13:31:36,603809.SH,S,14.520,100
1158,61,2025-10-14,2025-10-14 13:31:36,603809.SH,S,14.520,100
1159,61,2025-10-14,2025-10-14 13:31:31,002472.SZ,S,43.130,200
1160,61,2025-10-14,2025-10-14 13:31:31,603045.SH,S,20.020,100
1161,52,2025-10-14,2025-10-14 13:31:30,002456.SZ,S,12.260,100
1162,59,2025-10-14,2025-10-14 13:31:29,600497.SH,S,7.130,100
1163,61,2025-10-14,2025-10-14 13:31:28,603766.SH,S,13.740,100
1164,58,2025-10-14,2025-10-14 13:31:27,000672.SZ,S,11.160,100
1165,52,2025-10-14,2025-10-14 13:31:27,002484.SZ,S,29.290,100
1166,63,2025-10-14,2025-10-14 13:31:27,002657.SZ,S,32.250,100
1167,61,2025-10-14,2025-10-14 13:31:27,002657.SZ,S,32.250,100
1168,61,2025-10-14,2025-10-14 13:31:27,603127.SH,S,32.570,100
1169,59,2025-10-14,2025-10-14 13:31:27,603901.SH,S,11.080,100
1170,61,2025-10-14,2025-10-14 13:31:27,300357.SZ,S,30.260,200
1171,58,2025-10-14,2025-10-14 13:31:25,603766.SH,S,13.740,100
1172,52,2025-10-14,2025-10-14 13:31:26,000672.SZ,S,11.160,100
1173,61,2025-10-14,2025-10-14 13:31:21,300382.SZ,S,15.150,100
1174,61,2025-10-14,2025-10-14 13:31:21,300158.SZ,B,6.670,1100
1175,52,2025-10-14,2025-10-14 13:31:19,000975.SZ,B,25.020,100
1176,63,2025-10-14,2025-10-14 13:31:20,601818.SH,B,3.430,3000
1177,61,2025-10-14,2025-10-14 13:31:19,000837.SZ,S,13.380,100
1178,61,2025-10-14,2025-10-14 13:31:17,002555.SZ,S,20.470,100
1179,59,2025-10-14,2025-10-14 13:31:16,002515.SZ,S,7.250,100
1180,59,2025-10-14,2025-10-14 13:31:15,600169.SH,S,2.710,100
1181,59,2025-10-14,2025-10-14 13:31:15,002239.SZ,S,3.200,100
1182,63,2025-10-14,2025-10-14 13:31:14,000651.SZ,B,40.750,400
1183,52,2025-10-14,2025-10-14 13:28:07,600256.SH,S,5.330,100
1184,59,2025-10-14,2025-10-14 13:27:57,300422.SZ,S,5.190,100
1185,59,2025-10-14,2025-10-14 13:27:56,000059.SZ,S,5.140,100
1186,52,2025-10-14,2025-10-14 13:27:56,000166.SZ,S,5.410,100
1187,59,2025-10-14,2025-10-14 13:27:53,600822.SH,S,11.050,100
1188,59,2025-10-14,2025-10-14 13:27:51,000882.SZ,S,2.010,100
1189,59,2025-10-14,2025-10-14 13:27:48,600166.SH,S,2.730,100
1190,61,2025-10-14,2025-10-14 13:27:47,603283.SH,B,46.350,100
1191,61,2025-10-14,2025-10-14 13:27:47,601065.SH,S,8.410,100
1192,59,2025-10-14,2025-10-14 13:27:47,000008.SZ,S,2.890,100
1193,59,2025-10-14,2025-10-14 13:27:47,600162.SH,S,2.110,100
1194,59,2025-10-14,2025-10-14 13:27:46,600691.SH,S,3.000,100
1195,59,2025-10-14,2025-10-14 13:27:46,000566.SZ,S,5.480,100
1196,59,2025-10-14,2025-10-14 13:27:46,000927.SZ,S,2.690,100
1197,58,2025-10-14,2025-10-14 13:27:38,003019.SZ,S,34.140,100
1198,59,2025-10-14,2025-10-14 13:27:17,002015.SZ,S,11.370,100
1199,59,2025-10-14,2025-10-14 13:27:16,000503.SZ,S,9.970,100
1200,61,2025-10-14,2025-10-14 13:27:09,001330.SZ,S,5.440,400
1201,61,2025-10-14,2025-10-14 13:27:08,001330.SZ,S,5.440,200
1202,61,2025-10-14,2025-10-14 13:27:07,001330.SZ,S,5.440,100
1203,59,2025-10-14,2025-10-14 13:27:07,001330.SZ,S,5.440,300
1204,59,2025-10-14,2025-10-14 13:27:04,603903.SH,S,14.630,100
1205,61,2025-10-14,2025-10-14 13:27:03,603903.SH,S,14.630,200
1206,59,2025-10-14,2025-10-14 13:26:48,600266.SH,S,5.480,100
1207,59,2025-10-14,2025-10-14 13:26:13,000990.SZ,S,7.410,100
1208,59,2025-10-14,2025-10-14 13:26:11,601801.SH,S,6.530,100
1209,59,2025-10-14,2025-10-14 13:26:09,000826.SZ,S,2.310,100
1210,59,2025-10-14,2025-10-14 13:26:02,000523.SZ,S,3.160,100
1211,59,2025-10-14,2025-10-14 13:26:01,002303.SZ,S,4.530,100
1212,59,2025-10-14,2025-10-14 13:25:51,600552.SH,S,11.870,100
1213,59,2025-10-14,2025-10-14 13:25:24,000509.SZ,S,3.190,100
1214,59,2025-10-14,2025-10-14 13:25:09,600159.SH,S,2.980,100
1215,59,2025-10-14,2025-10-14 13:24:58,000778.SZ,S,4.010,100
1216,59,2025-10-14,2025-10-14 13:24:34,002511.SZ,S,8.510,100
1217,61,2025-10-14,2025-10-14 13:24:24,601339.SH,S,5.680,100
1218,59,2025-10-14,2025-10-14 13:24:21,601900.SH,S,12.950,100
1219,59,2025-10-14,2025-10-14 13:23:56,002307.SZ,S,4.980,100
1220,59,2025-10-14,2025-10-14 13:23:50,300098.SZ,S,5.590,100
1221,52,2025-10-14,2025-10-14 13:23:15,001330.SZ,S,5.440,300
1222,61,2025-10-14,2025-10-14 13:23:34,300006.SZ,S,4.310,100
1223,52,2025-10-14,2025-10-14 13:23:03,600834.SH,S,8.860,100
1224,59,2025-10-14,2025-10-14 13:23:14,300459.SZ,S,4.650,100
1225,59,2025-10-14,2025-10-14 13:23:11,300145.SZ,S,4.580,100
1226,59,2025-10-14,2025-10-14 13:23:09,300182.SZ,S,5.970,100
1227,52,2025-10-14,2025-10-14 13:22:49,301526.SZ,B,6.080,100
1228,61,2025-10-14,2025-10-14 13:23:04,003019.SZ,S,34.310,100
1229,59,2025-10-14,2025-10-14 13:22:59,600846.SH,S,14.730,100
1230,59,2025-10-14,2025-10-14 13:22:57,000757.SZ,S,5.640,200
1231,59,2025-10-14,2025-10-14 13:22:57,300185.SZ,S,3.170,200
1232,59,2025-10-14,2025-10-14 13:22:47,600096.SH,S,29.210,100
1233,59,2025-10-14,2025-10-14 13:22:43,600728.SH,S,6.760,100
1234,59,2025-10-14,2025-10-14 13:22:42,002226.SZ,S,6.890,100
1235,59,2025-10-14,2025-10-14 13:22:41,300005.SZ,S,8.650,100
1236,63,2025-10-14,2025-10-14 13:22:40,600276.SH,S,65.010,300
1237,63,2025-10-14,2025-10-14 13:22:40,600276.SH,S,65.010,100
1238,63,2025-10-14,2025-10-14 13:22:40,600276.SH,S,65.010,100
1239,59,2025-10-14,2025-10-14 13:22:39,002063.SZ,S,6.500,100
1240,61,2025-10-14,2025-10-14 13:22:38,002506.SZ,S,2.570,100
1241,52,2025-10-14,2025-10-14 13:22:24,300180.SZ,S,7.690,100
1242,59,2025-10-14,2025-10-14 13:22:20,603809.SH,S,14.450,100
1243,59,2025-10-14,2025-10-14 13:22:18,600638.SH,S,6.080,100
1244,59,2025-10-14,2025-10-14 13:22:12,601121.SH,S,7.250,100
1245,59,2025-10-14,2025-10-14 13:22:05,300289.SZ,S,7.490,100
1246,59,2025-10-14,2025-10-14 13:22:04,002674.SZ,S,14.470,100
1247,59,2025-10-14,2025-10-14 13:22:01,002622.SZ,S,3.200,100
1248,59,2025-10-14,2025-10-14 13:21:49,600721.SH,S,9.030,100
1249,59,2025-10-14,2025-10-14 13:21:48,601789.SH,S,5.520,100
1250,61,2025-10-14,2025-10-14 13:21:43,300192.SZ,S,17.690,100
1251,59,2025-10-14,2025-10-14 13:21:43,301376.SZ,S,19.070,100
1252,59,2025-10-14,2025-10-14 13:21:40,300180.SZ,S,7.640,100
1253,59,2025-10-14,2025-10-14 13:21:39,002054.SZ,S,6.840,100
1254,52,2025-10-14,2025-10-14 13:21:37,601728.SH,S,6.830,100
1255,59,2025-10-14,2025-10-14 13:21:36,002617.SZ,S,8.870,100
1256,59,2025-10-14,2025-10-14 13:21:30,002506.SZ,S,2.570,500
1257,52,2025-10-14,2025-10-14 13:21:29,002506.SZ,S,2.570,100
1258,59,2025-10-14,2025-10-14 13:21:26,300110.SZ,S,3.240,100
1259,61,2025-10-14,2025-10-14 13:21:24,000932.SZ,S,6.380,100
1260,59,2025-10-14,2025-10-14 13:21:24,000932.SZ,S,6.380,100
1261,59,2025-10-14,2025-10-14 13:21:23,002387.SZ,S,8.680,100
1262,59,2025-10-14,2025-10-14 13:21:18,002616.SZ,S,6.550,100
1263,61,2025-10-14,2025-10-14 13:21:16,000897.SZ,S,2.300,100
1264,59,2025-10-14,2025-10-14 13:21:16,000897.SZ,S,2.300,100
1265,59,2025-10-14,2025-10-14 13:21:09,600604.SH,S,6.340,100
1266,59,2025-10-14,2025-10-14 13:21:03,002021.SZ,S,3.000,100
1267,59,2025-10-14,2025-10-14 13:21:02,002126.SZ,S,36.350,100
1268,59,2025-10-14,2025-10-14 13:21:02,002426.SZ,S,3.310,100
1269,59,2025-10-14,2025-10-14 13:21:01,000973.SZ,S,7.880,100
1270,59,2025-10-14,2025-10-14 13:21:00,600663.SH,S,8.710,100
1271,52,2025-10-14,2025-10-14 13:17:07,000100.SZ,S,4.260,200
1272,59,2025-10-14,2025-10-14 13:20:42,002627.SZ,S,5.890,100
1273,59,2025-10-14,2025-10-14 13:20:29,002354.SZ,S,6.740,100
1274,59,2025-10-14,2025-10-14 13:20:26,002011.SZ,S,13.690,100
1275,59,2025-10-14,2025-10-14 13:20:23,600935.SH,S,2.470,100
1276,52,2025-10-14,2025-10-14 13:20:13,601211.SH,B,18.850,100
1277,61,2025-10-14,2025-10-14 13:20:18,002130.SZ,B,28.240,300
1278,61,2025-10-14,2025-10-14 13:20:18,002130.SZ,B,28.240,100
1279,59,2025-10-14,2025-10-14 13:20:07,600133.SH,S,10.090,100
1280,59,2025-10-14,2025-10-14 13:20:03,002233.SZ,S,9.190,100
1281,59,2025-10-14,2025-10-14 13:20:00,300296.SZ,S,7.000,100
1282,59,2025-10-14,2025-10-14 13:19:59,002624.SZ,S,17.360,100
1283,59,2025-10-14,2025-10-14 13:19:58,002533.SZ,S,12.600,100
1284,59,2025-10-14,2025-10-14 13:19:57,603876.SH,S,11.160,100
1285,59,2025-10-14,2025-10-14 13:19:56,000009.SZ,S,11.580,100
1286,59,2025-10-14,2025-10-14 13:19:54,002174.SZ,S,11.160,100
1287,59,2025-10-14,2025-10-14 13:19:49,600331.SH,S,10.310,100
1288,59,2025-10-14,2025-10-14 13:19:48,600620.SH,S,6.190,100
1289,59,2025-10-14,2025-10-14 13:19:48,000659.SZ,S,2.810,100
1290,59,2025-10-14,2025-10-14 13:19:47,301358.SZ,S,57.310,100
1291,59,2025-10-14,2025-10-14 13:19:37,600916.SH,S,8.790,100
1292,59,2025-10-14,2025-10-14 13:19:36,600973.SH,S,5.610,100
1293,59,2025-10-14,2025-10-14 13:19:32,600370.SH,S,2.090,100
1294,59,2025-10-14,2025-10-14 13:19:27,000790.SZ,S,3.790,100
1295,59,2025-10-14,2025-10-14 13:19:26,000813.SZ,S,4.100,100
1296,59,2025-10-14,2025-10-14 13:19:24,600337.SH,S,2.330,100
1297,59,2025-10-14,2025-10-14 13:19:20,000923.SZ,S,18.320,100
1298,52,2025-10-14,2025-10-14 13:19:05,600999.SH,S,17.200,100
1299,59,2025-10-14,2025-10-14 13:19:16,600239.SH,S,2.620,200
1300,59,2025-10-14,2025-10-14 13:19:13,603466.SH,S,9.390,100
1301,59,2025-10-14,2025-10-14 13:19:12,601212.SH,S,6.010,100
1302,58,2025-10-14,2025-10-14 13:19:09,603283.SH,B,46.120,300
1303,59,2025-10-14,2025-10-14 13:19:10,002394.SZ,S,11.740,100
1304,59,2025-10-14,2025-10-14 13:19:08,300079.SZ,S,5.740,100
1305,59,2025-10-14,2025-10-14 13:19:05,300708.SZ,S,8.860,100
1306,59,2025-10-14,2025-10-14 13:19:05,002390.SZ,S,3.720,100
1307,59,2025-10-14,2025-10-14 13:19:04,603758.SH,S,15.780,100
1308,59,2025-10-14,2025-10-14 13:19:04,002182.SZ,S,15.170,100
1309,59,2025-10-14,2025-10-14 13:19:04,000709.SZ,S,2.670,100
1310,59,2025-10-14,2025-10-14 13:19:01,002484.SZ,S,29.120,100
1311,59,2025-10-14,2025-10-14 13:18:59,002870.SZ,S,34.910,100
1312,61,2025-10-14,2025-10-14 13:18:55,000655.SZ,S,9.790,100
1313,59,2025-10-14,2025-10-14 13:18:55,002480.SZ,S,6.920,100
1314,58,2025-10-14,2025-10-14 13:18:54,000887.SZ,S,22.190,100
1315,52,2025-10-14,2025-10-14 13:18:54,000887.SZ,S,22.190,100
1316,59,2025-10-14,2025-10-14 13:18:46,002471.SZ,S,5.210,100
1317,59,2025-10-14,2025-10-14 13:18:44,600623.SH,S,9.000,100
1318,59,2025-10-14,2025-10-14 13:18:43,002356.SZ,S,3.380,100
1319,59,2025-10-14,2025-10-14 13:18:40,002043.SZ,S,11.670,100
1320,59,2025-10-14,2025-10-14 13:18:39,000672.SZ,S,11.150,100
1321,61,2025-10-14,2025-10-14 13:18:38,601018.SH,S,3.830,100
1322,59,2025-10-14,2025-10-14 13:18:37,688148.SH,S,6.230,216
1323,59,2025-10-14,2025-10-14 13:18:35,601018.SH,S,3.830,300
1324,59,2025-10-14,2025-10-14 13:18:31,000061.SZ,S,8.540,100
1325,59,2025-10-14,2025-10-14 13:18:29,601222.SH,S,6.140,100
1326,61,2025-10-14,2025-10-14 13:18:25,002402.SZ,S,48.470,100
1327,59,2025-10-14,2025-10-14 13:18:25,600703.SH,S,14.900,100
1328,59,2025-10-14,2025-10-14 13:18:24,000700.SZ,S,9.790,200
1329,59,2025-10-14,2025-10-14 13:18:15,600497.SH,S,7.100,100
1330,59,2025-10-14,2025-10-14 13:18:07,600609.SH,S,4.820,100
1331,59,2025-10-14,2025-10-14 13:18:07,301108.SZ,S,33.390,100
1332,58,2025-10-14,2025-10-14 13:18:07,003019.SZ,S,33.760,100
1333,61,2025-10-14,2025-10-14 13:18:06,603283.SH,B,46.110,100
1334,59,2025-10-14,2025-10-14 13:18:05,002483.SZ,S,7.270,100
1335,61,2025-10-14,2025-10-14 13:18:04,000088.SZ,S,4.510,100
1336,59,2025-10-14,2025-10-14 13:18:04,000088.SZ,S,4.510,100
1337,58,2025-10-14,2025-10-14 13:17:58,000977.SZ,S,67.520,100
1338,61,2025-10-14,2025-10-14 13:17:52,002987.SZ,S,21.130,300
1339,59,2025-10-14,2025-10-14 13:17:52,600724.SH,S,5.370,100
1340,59,2025-10-14,2025-10-14 13:17:51,002987.SZ,S,21.130,100
1341,59,2025-10-14,2025-10-14 13:17:50,601618.SH,S,4.020,300
1342,61,2025-10-14,2025-10-14 13:17:43,002472.SZ,B,42.760,200
1343,61,2025-10-14,2025-10-14 13:17:43,002472.SZ,B,42.760,200
1344,61,2025-10-14,2025-10-14 13:17:43,000977.SZ,S,67.480,100
1345,52,2025-10-14,2025-10-14 13:17:37,002965.SZ,B,40.870,100
1346,59,2025-10-14,2025-10-14 13:17:31,002491.SZ,S,5.150,100
1347,58,2025-10-14,2025-10-14 13:17:29,002472.SZ,B,42.760,200
1348,61,2025-10-14,2025-10-14 13:17:27,600256.SH,S,5.310,100
1349,59,2025-10-14,2025-10-14 13:17:27,600256.SH,S,5.310,200
1350,58,2025-10-14,2025-10-14 13:17:23,002987.SZ,S,21.090,100
1351,59,2025-10-14,2025-10-14 13:17:21,000401.SZ,S,5.040,100
1352,58,2025-10-14,2025-10-14 13:17:20,002987.SZ,S,21.090,200
1353,61,2025-10-14,2025-10-14 13:17:19,603283.SH,B,46.100,100
1354,59,2025-10-14,2025-10-14 13:17:16,002703.SZ,S,12.850,100
1355,61,2025-10-14,2025-10-14 13:17:15,603283.SH,B,46.100,100
1356,59,2025-10-14,2025-10-14 13:17:16,600864.SH,S,7.500,100
1357,59,2025-10-14,2025-10-14 13:17:13,300747.SZ,S,25.740,100
1358,59,2025-10-14,2025-10-14 13:17:12,600685.SH,S,27.450,100
1359,59,2025-10-14,2025-10-14 13:17:11,603920.SH,S,40.640,100
1360,59,2025-10-14,2025-10-14 13:17:11,002815.SZ,S,13.630,100
1361,59,2025-10-14,2025-10-14 13:17:10,600052.SH,S,5.160,100
1362,59,2025-10-14,2025-10-14 13:17:08,601598.SH,S,6.260,100
1363,59,2025-10-14,2025-10-14 13:17:05,300565.SZ,S,11.500,100
1364,63,2025-10-14,2025-10-14 13:17:04,002272.SZ,S,16.040,100
1365,59,2025-10-14,2025-10-14 13:17:04,603045.SH,S,19.880,100
1366,59,2025-10-14,2025-10-14 13:17:04,300568.SZ,S,13.320,100
1367,59,2025-10-14,2025-10-14 13:17:04,300304.SZ,S,12.070,100
1368,59,2025-10-14,2025-10-14 13:17:03,300761.SZ,S,23.570,100
1369,59,2025-10-14,2025-10-14 13:17:01,300124.SZ,S,79.230,100
1370,52,2025-10-14,2025-10-14 13:16:53,601618.SH,B,4.010,100
1371,59,2025-10-14,2025-10-14 13:16:58,603367.SH,S,20.030,100
1372,59,2025-10-14,2025-10-14 13:16:55,002436.SZ,S,18.880,100
1373,59,2025-10-14,2025-10-14 13:16:55,002196.SZ,S,9.380,100
1374,59,2025-10-14,2025-10-14 13:16:54,300009.SZ,S,10.260,100
1375,61,2025-10-14,2025-10-14 13:16:52,000887.SZ,S,22.100,100
1376,59,2025-10-14,2025-10-14 13:16:52,002555.SZ,S,20.190,100
1377,61,2025-10-14,2025-10-14 13:16:51,000887.SZ,S,22.100,100
1378,52,2025-10-14,2025-10-14 13:16:51,002335.SZ,S,63.340,100
1379,63,2025-10-14,2025-10-14 13:16:50,300604.SZ,S,85.630,100
1380,61,2025-10-14,2025-10-14 13:16:50,003019.SZ,S,33.830,200
1381,59,2025-10-14,2025-10-14 13:16:50,003019.SZ,S,33.830,100
1382,59,2025-10-14,2025-10-14 13:16:49,002953.SZ,S,13.510,100
1383,59,2025-10-14,2025-10-14 13:16:45,002662.SZ,S,3.790,100
1384,59,2025-10-14,2025-10-14 13:16:43,002269.SZ,S,2.340,100
1385,59,2025-10-14,2025-10-14 13:16:42,603992.SH,S,28.930,100
1386,52,2025-10-14,2025-10-14 13:16:37,002484.SZ,B,28.940,100
1387,59,2025-10-14,2025-10-14 13:16:37,300324.SZ,S,5.830,100
1388,59,2025-10-14,2025-10-14 13:16:36,300593.SZ,S,19.560,100
1389,63,2025-10-14,2025-10-14 13:16:29,601229.SH,S,9.580,100
1390,59,2025-10-14,2025-10-14 13:16:30,000404.SZ,S,7.180,100
1391,52,2025-10-14,2025-10-14 13:16:20,300885.SZ,S,22.970,100
1392,58,2025-10-14,2025-10-14 13:16:27,300885.SZ,S,22.970,100
1393,59,2025-10-14,2025-10-14 13:16:25,601828.SH,S,2.810,100
1394,52,2025-10-14,2025-10-14 13:16:24,603283.SH,B,46.090,100
1395,59,2025-10-14,2025-10-14 13:16:22,600626.SH,S,4.600,100
1396,59,2025-10-14,2025-10-14 13:16:23,600675.SH,S,2.950,100
1397,59,2025-10-14,2025-10-14 13:16:22,600688.SH,S,2.760,100
1398,59,2025-10-14,2025-10-14 13:16:22,300382.SZ,S,14.990,100
1399,52,2025-10-14,2025-10-14 13:16:22,000672.SZ,B,11.110,100
1400,61,2025-10-14,2025-10-14 13:16:20,603283.SH,B,46.050,100
1401,59,2025-10-14,2025-10-14 13:16:20,600446.SH,S,17.680,100
1402,52,2025-10-14,2025-10-14 13:16:20,605055.SH,S,10.430,100
1403,59,2025-10-14,2025-10-14 13:16:19,300885.SZ,S,22.970,100
1404,59,2025-10-14,2025-10-14 13:16:19,000875.SZ,S,6.030,100
1405,59,2025-10-14,2025-10-14 13:16:17,601083.SH,S,11.840,100
1406,59,2025-10-14,2025-10-14 13:16:17,600169.SH,S,2.700,200
1407,59,2025-10-14,2025-10-14 13:16:17,301511.SZ,S,31.210,100
1408,59,2025-10-14,2025-10-14 13:16:17,300019.SZ,S,21.500,100
1409,59,2025-10-14,2025-10-14 13:16:17,603633.SH,S,10.650,100
1410,59,2025-10-14,2025-10-14 13:16:17,301526.SZ,S,6.040,100
1411,59,2025-10-14,2025-10-14 13:16:16,000892.SZ,S,6.050,100
1412,59,2025-10-14,2025-10-14 13:16:16,002256.SZ,S,3.080,100
1413,59,2025-10-14,2025-10-14 13:16:16,002407.SZ,S,20.450,100
1414,59,2025-10-14,2025-10-14 13:16:16,300217.SZ,S,5.370,100
1415,59,2025-10-14,2025-10-14 13:16:16,300201.SZ,S,5.570,100
1416,59,2025-10-14,2025-10-14 13:16:16,000629.SZ,S,3.110,100
1417,59,2025-10-14,2025-10-14 13:16:16,000717.SZ,S,2.820,100
1418,59,2025-10-14,2025-10-14 13:16:16,002172.SZ,S,4.060,100
1419,61,2025-10-14,2025-10-14 13:16:16,601083.SH,S,11.840,100
1420,61,2025-10-14,2025-10-14 13:16:16,002115.SZ,S,12.010,100
1421,61,2025-10-14,2025-10-14 13:16:16,300885.SZ,S,22.970,100
1422,63,2025-10-14,2025-10-14 13:16:15,600438.SH,S,23.310,200
1423,61,2025-10-14,2025-10-14 13:16:15,001337.SZ,S,31.640,100
1424,58,2025-10-14,2025-10-14 13:13:30,000882.SZ,S,2.010,100
1425,58,2025-10-14,2025-10-14 13:13:07,300185.SZ,S,3.150,100
1426,52,2025-10-14,2025-10-14 13:13:07,002239.SZ,S,3.170,100
1427,59,2025-10-14,2025-10-14 13:13:04,000931.SZ,S,5.230,100
1428,52,2025-10-14,2025-10-14 13:13:04,000100.SZ,B,4.250,200
1429,52,2025-10-14,2025-10-14 13:13:00,000887.SZ,B,22.020,200
1430,59,2025-10-14,2025-10-14 13:12:47,600162.SH,S,2.100,100
1431,59,2025-10-14,2025-10-14 13:12:47,002321.SZ,S,2.880,100
1432,52,2025-10-14,2025-10-14 13:11:56,600537.SH,S,4.090,200
1433,61,2025-10-14,2025-10-14 13:10:13,001391.SZ,S,6.550,100
1434,58,2025-10-14,2025-10-14 13:09:44,000977.SZ,B,67.360,300
1435,58,2025-10-14,2025-10-14 13:09:40,000751.SZ,S,4.140,1500
1436,61,2025-10-14,2025-10-14 13:09:35,000977.SZ,B,67.360,100
1437,61,2025-10-14,2025-10-14 13:09:28,000977.SZ,B,67.390,100
1438,61,2025-10-14,2025-10-14 13:09:25,002785.SZ,B,37.000,200
1439,61,2025-10-14,2025-10-14 13:09:16,603986.SH,S,199.990,100
1440,59,2025-10-14,2025-10-14 13:09:16,600658.SH,S,5.480,100
1441,61,2025-10-14,2025-10-14 13:08:53,000977.SZ,B,67.410,100
1442,58,2025-10-14,2025-10-14 13:08:35,002269.SZ,S,2.340,100
1443,61,2025-10-14,2025-10-14 13:08:29,601121.SH,S,7.180,100
1444,59,2025-10-14,2025-10-14 13:08:09,300575.SZ,S,6.500,100
1445,61,2025-10-14,2025-10-14 13:08:00,001330.SZ,B,5.430,1400
1446,59,2025-10-14,2025-10-14 13:08:00,001330.SZ,B,5.430,400
1447,58,2025-10-14,2025-10-14 13:08:00,001330.SZ,B,5.430,1000
1448,52,2025-10-14,2025-10-14 13:07:17,001330.SZ,B,5.430,600
1449,61,2025-10-14,2025-10-14 13:07:48,603222.SH,S,10.220,300
1450,58,2025-10-14,2025-10-14 13:07:45,603222.SH,S,10.220,100
1451,58,2025-10-14,2025-10-14 13:07:45,603222.SH,S,10.220,200
1452,58,2025-10-14,2025-10-14 13:07:40,001330.SZ,B,5.440,800
1453,61,2025-10-14,2025-10-14 13:07:39,002402.SZ,S,48.360,100
1454,58,2025-10-14,2025-10-14 13:07:37,300483.SZ,S,14.570,300
1455,63,2025-10-14,2025-10-14 13:07:29,601618.SH,S,3.970,100
1456,61,2025-10-14,2025-10-14 13:07:29,000977.SZ,B,67.550,100
1457,61,2025-10-14,2025-10-14 13:07:29,601618.SH,S,3.970,100
1458,61,2025-10-14,2025-10-14 13:07:25,300110.SZ,S,3.240,100
1459,58,2025-10-14,2025-10-14 13:07:22,603633.SH,S,10.690,100
1460,61,2025-10-14,2025-10-14 13:07:11,300217.SZ,S,5.380,100
1461,63,2025-10-14,2025-10-14 13:07:07,000100.SZ,B,4.250,1385
1462,63,2025-10-14,2025-10-14 13:07:07,000100.SZ,B,4.250,1200
1463,63,2025-10-14,2025-10-14 13:07:07,000100.SZ,B,4.250,2400
1464,63,2025-10-14,2025-10-14 13:07:07,000100.SZ,B,4.250,600
1465,63,2025-10-14,2025-10-14 13:07:07,000100.SZ,B,4.250,300
1466,63,2025-10-14,2025-10-14 13:07:07,000100.SZ,B,4.250,115
1467,58,2025-10-14,2025-10-14 13:07:05,600686.SH,B,13.410,200
1468,61,2025-10-14,2025-10-14 13:07:04,002766.SZ,S,5.610,100
1469,61,2025-10-14,2025-10-14 13:06:57,301099.SZ,S,46.290,100
1470,63,2025-10-14,2025-10-14 13:06:52,600585.SH,B,23.850,200
1471,61,2025-10-14,2025-10-14 13:06:48,301099.SZ,S,46.290,100
1472,58,2025-10-14,2025-10-14 13:06:43,002045.SZ,S,16.870,100
1473,61,2025-10-14,2025-10-14 13:06:43,000751.SZ,S,4.130,2400
1474,59,2025-10-14,2025-10-14 13:06:43,000751.SZ,S,4.130,900
1475,52,2025-10-14,2025-10-14 13:05:54,300180.SZ,B,7.610,200
1476,63,2025-10-14,2025-10-14 13:06:21,002493.SZ,B,9.750,300
1477,63,2025-10-14,2025-10-14 13:06:21,002493.SZ,B,9.750,300
1478,63,2025-10-14,2025-10-14 13:06:21,002493.SZ,B,9.750,100
1479,52,2025-10-14,2025-10-14 13:06:09,603823.SH,B,16.190,200
1480,63,2025-10-14,2025-10-14 13:06:07,600276.SH,B,65.100,1000
1481,58,2025-10-14,2025-10-14 13:05:52,300885.SZ,S,22.920,100
1482,58,2025-10-14,2025-10-14 13:05:52,300565.SZ,S,11.490,100
1483,58,2025-10-14,2025-10-14 13:05:49,002054.SZ,S,6.820,100
1484,58,2025-10-14,2025-10-14 13:05:44,300043.SZ,S,6.480,100
1485,52,2025-10-14,2025-10-14 13:05:43,002050.SZ,S,40.900,100
1486,58,2025-10-14,2025-10-14 13:05:41,600052.SH,S,5.170,100
1487,61,2025-10-14,2025-10-14 13:05:41,000887.SZ,B,22.020,600
1488,52,2025-10-14,2025-10-14 13:05:40,000887.SZ,B,22.030,200
1489,58,2025-10-14,2025-10-14 13:05:39,002506.SZ,S,2.550,100
1490,58,2025-10-14,2025-10-14 13:05:37,002394.SZ,S,11.710,100
1491,58,2025-10-14,2025-10-14 13:05:35,002616.SZ,S,6.570,100
1492,59,2025-10-14,2025-10-14 13:05:31,000977.SZ,B,67.380,100
1493,59,2025-10-14,2025-10-14 13:05:31,000977.SZ,B,67.380,100
1494,58,2025-10-14,2025-10-14 13:05:29,000887.SZ,B,22.030,700
1495,58,2025-10-14,2025-10-14 13:05:30,000977.SZ,B,67.400,300
1496,58,2025-10-14,2025-10-14 13:05:29,000977.SZ,B,67.400,100
1497,63,2025-10-14,2025-10-14 13:05:28,000977.SZ,B,67.390,100
1498,59,2025-10-14,2025-10-14 13:05:27,000977.SZ,B,67.410,100
1499,61,2025-10-14,2025-10-14 13:05:27,000977.SZ,B,67.420,100
1500,61,2025-10-14,2025-10-14 13:05:25,000977.SZ,B,67.380,100
1501,59,2025-10-14,2025-10-14 13:05:24,603119.SH,S,90.170,100
1502,61,2025-10-14,2025-10-14 13:05:23,000977.SZ,B,67.380,100
1503,58,2025-10-14,2025-10-14 13:05:21,600626.SH,S,4.580,100
1504,61,2025-10-14,2025-10-14 13:05:19,000977.SZ,B,67.400,100
1505,58,2025-10-14,2025-10-14 13:05:11,000977.SZ,B,67.400,400
1506,52,2025-10-14,2025-10-14 13:05:10,000977.SZ,B,67.430,200
1507,52,2025-10-14,2025-10-14 13:04:57,000672.SZ,S,11.110,100
1508,61,2025-10-14,2025-10-14 13:05:01,603222.SH,S,10.230,500
1509,59,2025-10-14,2025-10-14 13:05:01,603222.SH,S,10.230,300
1510,59,2025-10-14,2025-10-14 13:04:57,002036.SZ,S,10.320,100
1511,61,2025-10-14,2025-10-14 13:04:56,603505.SH,S,18.840,100
1512,58,2025-10-14,2025-10-14 13:04:51,002011.SZ,S,13.700,100
1513,59,2025-10-14,2025-10-14 13:04:49,300218.SZ,S,18.000,100
1514,52,2025-10-14,2025-10-14 13:04:49,000166.SZ,B,5.400,200
1515,58,2025-10-14,2025-10-14 13:04:49,603222.SH,S,10.230,500
1516,58,2025-10-14,2025-10-14 13:04:44,603045.SH,S,19.930,100
1517,61,2025-10-14,2025-10-14 13:04:43,002785.SZ,B,37.120,100
1518,61,2025-10-14,2025-10-14 13:04:40,300885.SZ,S,22.950,100
1519,63,2025-10-14,2025-10-14 13:04:36,000878.SZ,S,18.730,100
1520,58,2025-10-14,2025-10-14 13:04:24,002533.SZ,S,12.550,100
1521,52,2025-10-14,2025-10-14 13:03:27,603222.SH,S,10.220,200
1522,61,2025-10-14,2025-10-14 13:03:47,600686.SH,B,13.450,300
1523,61,2025-10-14,2025-10-14 13:03:46,002785.SZ,B,37.140,100
1524,58,2025-10-14,2025-10-14 13:03:46,002785.SZ,B,37.140,200
1525,59,2025-10-14,2025-10-14 13:03:46,002785.SZ,B,37.140,100
1526,58,2025-10-14,2025-10-14 13:03:43,000887.SZ,B,22.040,200
1527,61,2025-10-14,2025-10-14 13:03:40,002638.SZ,S,2.700,100
1528,52,2025-10-14,2025-10-14 13:03:36,002273.SZ,B,24.990,200
1529,63,2025-10-14,2025-10-14 13:03:31,301617.SZ,S,72.520,100
1530,61,2025-10-14,2025-10-14 13:03:31,000753.SZ,S,7.820,100
1531,61,2025-10-14,2025-10-14 13:03:31,000757.SZ,S,5.630,100
1532,61,2025-10-14,2025-10-14 13:03:28,301526.SZ,S,6.080,100
1533,52,2025-10-14,2025-10-14 13:03:27,002126.SZ,S,36.270,100
1534,58,2025-10-14,2025-10-14 13:03:27,002126.SZ,S,36.270,100
1535,59,2025-10-14,2025-10-14 13:03:25,600933.SH,S,19.900,100
1536,52,2025-10-14,2025-10-14 13:03:26,603009.SH,S,47.810,100
1537,58,2025-10-14,2025-10-14 13:03:25,688373.SH,S,8.020,200
1538,58,2025-10-14,2025-10-14 13:03:25,600239.SH,S,2.620,100
1539,58,2025-10-14,2025-10-14 13:03:25,002284.SZ,S,12.510,100
1540,52,2025-10-14,2025-10-14 13:03:23,600885.SH,S,26.300,100
1541,58,2025-10-14,2025-10-14 13:03:22,601686.SH,S,6.340,100
1542,58,2025-10-14,2025-10-14 13:03:21,002402.SZ,S,48.320,100
1543,58,2025-10-14,2025-10-14 13:03:18,002402.SZ,S,48.370,100
1544,52,2025-10-14,2025-10-14 13:03:13,301012.SZ,B,23.000,200
1545,63,2025-10-14,2025-10-14 13:03:18,603986.SH,S,203.420,100
1546,61,2025-10-14,2025-10-14 13:03:11,002431.SZ,S,2.400,100
1547,61,2025-10-14,2025-10-14 13:03:06,688186.SH,S,28.310,200
1548,61,2025-10-14,2025-10-14 13:03:05,600239.SH,S,2.620,100
1549,58,2025-10-14,2025-10-14 13:03:05,601618.SH,S,3.970,100
1550,58,2025-10-14,2025-10-14 13:03:02,000061.SZ,S,8.520,100
1551,58,2025-10-14,2025-10-14 13:03:00,002662.SZ,S,3.810,100
1552,58,2025-10-14,2025-10-14 13:02:59,600169.SH,S,2.700,100
1553,61,2025-10-14,2025-10-14 13:02:58,600338.SH,S,13.900,100
1554,59,2025-10-14,2025-10-14 13:02:53,601778.SH,S,3.800,100
1555,58,2025-10-14,2025-10-14 13:02:50,601598.SH,S,6.270,100
1556,58,2025-10-14,2025-10-14 13:02:49,000509.SZ,S,3.190,100
1557,59,2025-10-14,2025-10-14 13:02:48,000009.SZ,S,11.610,100
1558,52,2025-10-14,2025-10-14 13:02:39,002335.SZ,B,63.310,200
1559,61,2025-10-14,2025-10-14 13:02:40,002207.SZ,S,8.390,100
1560,63,2025-10-14,2025-10-14 13:02:36,603077.SH,S,2.260,7000
1561,63,2025-10-14,2025-10-14 13:02:36,603077.SH,S,2.260,800
1562,63,2025-10-14,2025-10-14 13:02:36,603077.SH,S,2.260,5200
1563,63,2025-10-14,2025-10-14 13:02:36,603077.SH,S,2.260,5000
1564,61,2025-10-14,2025-10-14 13:02:36,300483.SZ,S,14.720,400
1565,63,2025-10-14,2025-10-14 13:02:36,603077.SH,S,2.260,8800
1566,59,2025-10-14,2025-10-14 13:02:34,300483.SZ,S,14.720,200
1567,52,2025-10-14,2025-10-14 13:02:34,603077.SH,S,2.260,2000
1568,61,2025-10-14,2025-10-14 13:02:31,300407.SZ,S,10.840,100
1569,59,2025-10-14,2025-10-14 13:02:30,600675.SH,B,2.960,100
1570,52,2025-10-14,2025-10-14 13:02:28,000523.SZ,S,3.150,100
1571,61,2025-10-14,2025-10-14 13:02:26,300185.SZ,S,3.160,100
1572,59,2025-10-14,2025-10-14 13:02:26,300185.SZ,S,3.160,100
1573,61,2025-10-14,2025-10-14 13:02:25,600459.SH,S,17.900,100
1574,59,2025-10-14,2025-10-14 13:02:22,600610.SH,B,11.510,100
1575,61,2025-10-14,2025-10-14 13:02:20,600052.SH,S,5.180,100
1576,52,2025-10-14,2025-10-14 13:02:05,600999.SH,B,17.200,200
1577,52,2025-10-14,2025-10-14 13:01:28,000875.SZ,S,6.050,100
1578,58,2025-10-14,2025-10-14 13:02:14,601121.SH,S,7.210,100
1579,61,2025-10-14,2025-10-14 13:02:10,002183.SZ,S,5.170,100
1580,52,2025-10-14,2025-10-14 13:02:01,002164.SZ,S,13.510,100
1581,61,2025-10-14,2025-10-14 13:02:07,000977.SZ,B,67.680,100
1582,63,2025-10-14,2025-10-14 13:02:07,000977.SZ,B,67.680,100
1583,59,2025-10-14,2025-10-14 13:02:07,000977.SZ,B,67.680,100
1584,63,2025-10-14,2025-10-14 13:02:03,300604.SZ,S,84.980,100
1585,58,2025-10-14,2025-10-14 13:01:58,688186.SH,S,28.360,200
1586,59,2025-10-14,2025-10-14 13:01:52,002987.SZ,S,21.120,100
1587,58,2025-10-14,2025-10-14 13:01:52,300164.SZ,S,5.830,900
1588,61,2025-10-14,2025-10-14 13:01:52,002987.SZ,S,21.120,100
1589,58,2025-10-14,2025-10-14 13:01:45,002402.SZ,S,48.310,100
1590,63,2025-10-14,2025-10-14 13:01:44,300413.SZ,B,30.640,100
1591,63,2025-10-14,2025-10-14 13:01:44,300413.SZ,B,30.640,100
1592,52,2025-10-14,2025-10-14 13:01:45,002402.SZ,S,48.310,100
1593,58,2025-10-14,2025-10-14 13:01:43,603283.SH,S,46.790,100
1594,58,2025-10-14,2025-10-14 13:01:33,002715.SZ,S,23.210,100
1595,59,2025-10-14,2025-10-14 13:01:31,002402.SZ,S,48.380,100
1596,59,2025-10-14,2025-10-14 13:01:31,002677.SZ,S,7.440,100
1597,61,2025-10-14,2025-10-14 13:01:30,002402.SZ,S,48.370,100
1598,61,2025-10-14,2025-10-14 13:01:30,002402.SZ,S,48.370,100
1599,61,2025-10-14,2025-10-14 13:01:30,600888.SH,S,8.500,100
1600,61,2025-10-14,2025-10-14 13:01:28,301099.SZ,S,46.610,200
1601,59,2025-10-14,2025-10-14 13:01:29,603328.SH,S,10.820,100
1602,52,2025-10-14,2025-10-14 13:01:24,000425.SZ,S,11.470,100
1603,59,2025-10-14,2025-10-14 13:01:28,301099.SZ,S,46.610,200
1604,58,2025-10-14,2025-10-14 13:01:25,002987.SZ,S,21.120,100
1605,61,2025-10-14,2025-10-14 13:01:25,301099.SZ,S,46.620,100
1606,52,2025-10-14,2025-10-14 13:01:24,000975.SZ,S,25.380,100
1607,52,2025-10-14,2025-10-14 13:01:24,002987.SZ,S,21.120,100
1608,52,2025-10-14,2025-10-14 13:01:24,301099.SZ,S,46.620,100
1609,58,2025-10-14,2025-10-14 13:01:21,000751.SZ,S,4.150,1100
1610,52,2025-10-14,2025-10-14 13:01:18,000751.SZ,S,4.150,600
1611,61,2025-10-14,2025-10-14 13:01:21,000887.SZ,B,22.140,500
1612,59,2025-10-14,2025-10-14 13:01:21,000887.SZ,B,22.140,400
1613,58,2025-10-14,2025-10-14 13:01:19,301099.SZ,S,46.660,500
1614,52,2025-10-14,2025-10-14 13:01:18,300483.SZ,S,14.520,200
1615,52,2025-10-14,2025-10-14 13:01:18,301526.SZ,S,6.100,100
1616,59,2025-10-14,2025-10-14 13:01:18,600686.SH,B,13.540,100
1617,59,2025-10-14,2025-10-14 13:01:17,600169.SH,S,2.700,100
1618,58,2025-10-14,2025-10-14 13:01:16,300483.SZ,S,14.520,400
1619,61,2025-10-14,2025-10-14 13:01:16,300102.SZ,S,11.970,100
1620,61,2025-10-14,2025-10-14 13:01:16,600169.SH,S,2.700,100
1621,61,2025-10-14,2025-10-14 13:01:16,600935.SH,S,2.470,100
1622,58,2025-10-14,2025-10-14 11:29:30,000926.SZ,S,2.580,100
1623,61,2025-10-14,2025-10-14 11:29:30,600370.SH,S,2.090,100
1624,60,2025-10-14,2025-10-14 11:29:08,300593.SZ,B,19.750,200
1625,58,2025-10-14,2025-10-14 11:29:07,601872.SH,B,9.120,300
1626,58,2025-10-14,2025-10-14 11:29:07,601872.SH,B,9.120,300
1627,58,2025-10-14,2025-10-14 11:29:03,002431.SZ,S,2.400,100
1628,61,2025-10-14,2025-10-14 11:29:00,600066.SH,B,29.060,200
1629,62,2025-10-14,2025-10-14 11:29:00,003019.SZ,B,32.830,100
1630,62,2025-10-14,2025-10-14 11:29:00,003019.SZ,B,32.830,100
1631,60,2025-10-14,2025-10-14 11:29:00,003019.SZ,B,32.850,100
1632,60,2025-10-14,2025-10-14 11:29:00,003019.SZ,B,32.830,100
1633,62,2025-10-14,2025-10-14 11:29:00,003019.SZ,B,32.820,100
1634,63,2025-10-14,2025-10-14 11:28:51,601728.SH,S,6.850,1100
1635,58,2025-10-14,2025-10-14 11:28:42,002321.SZ,S,2.890,100
1636,59,2025-10-14,2025-10-14 11:28:42,600239.SH,S,2.630,100
1637,61,2025-10-14,2025-10-14 11:28:42,601018.SH,S,3.800,100
1638,61,2025-10-14,2025-10-14 11:28:42,600239.SH,S,2.630,100
